%YAML 1.1
%TAG !u! tag:unity3d.com,2011:
--- !u!1 &95121666068976980
GameObject:
  m_ObjectHideFlags: 0
  m_CorrespondingSourceObject: {fileID: 0}
  m_PrefabInstance: {fileID: 0}
  m_PrefabAsset: {fileID: 0}
  serializedVersion: 6
  m_Component:
  - component: {fileID: 1613236240323744718}
  - component: {fileID: 679944580916546565}
  m_Layer: 0
  m_Name: Flame (2)
  m_TagString: Untagged
  m_Icon: {fileID: 0}
  m_NavMeshLayer: 0
  m_StaticEditorFlags: 2147483647
  m_IsActive: 1
--- !u!4 &1613236240323744718
Transform:
  m_ObjectHideFlags: 0
  m_CorrespondingSourceObject: {fileID: 0}
  m_PrefabInstance: {fileID: 0}
  m_PrefabAsset: {fileID: 0}
  m_GameObject: {fileID: 95121666068976980}
  m_LocalRotation: {x: 0, y: 0, z: 0, w: 1}
  m_LocalPosition: {x: 0.266, y: -1.4424, z: 0.642}
  m_LocalScale: {x: 1, y: 1, z: 1}
  m_Children: []
  m_Father: {fileID: 7081544331285099031}
  m_RootOrder: 5
  m_LocalEulerAnglesHint: {x: 0, y: 0, z: 0}
--- !u!122 &679944580916546565
Halo:
  m_ObjectHideFlags: 0
  m_CorrespondingSourceObject: {fileID: 0}
  m_PrefabInstance: {fileID: 0}
  m_PrefabAsset: {fileID: 0}
  m_GameObject: {fileID: 95121666068976980}
  m_Enabled: 1
  m_Color:
    serializedVersion: 2
    rgba: 4278224383
  m_Size: -0.02
--- !u!1 &3056547200683909166
GameObject:
  m_ObjectHideFlags: 0
  m_CorrespondingSourceObject: {fileID: 0}
  m_PrefabInstance: {fileID: 0}
  m_PrefabAsset: {fileID: 0}
  serializedVersion: 6
  m_Component:
  - component: {fileID: 901756955802827365}
  - component: {fileID: 3959396092949692371}
  m_Layer: 0
  m_Name: Flame (7)
  m_TagString: Untagged
  m_Icon: {fileID: 0}
  m_NavMeshLayer: 0
  m_StaticEditorFlags: 2147483647
  m_IsActive: 1
--- !u!4 &901756955802827365
Transform:
  m_ObjectHideFlags: 0
  m_CorrespondingSourceObject: {fileID: 0}
  m_PrefabInstance: {fileID: 0}
  m_PrefabAsset: {fileID: 0}
  m_GameObject: {fileID: 3056547200683909166}
  m_LocalRotation: {x: 0, y: 0, z: 0, w: 1}
  m_LocalPosition: {x: 0.268, y: -1.4424, z: -0.636}
  m_LocalScale: {x: 1, y: 1, z: 1}
  m_Children: []
  m_Father: {fileID: 7081544331285099031}
  m_RootOrder: 15
  m_LocalEulerAnglesHint: {x: 0, y: 0, z: 0}
--- !u!122 &3959396092949692371
Halo:
  m_ObjectHideFlags: 0
  m_CorrespondingSourceObject: {fileID: 0}
  m_PrefabInstance: {fileID: 0}
  m_PrefabAsset: {fileID: 0}
  m_GameObject: {fileID: 3056547200683909166}
  m_Enabled: 1
  m_Color:
    serializedVersion: 2
    rgba: 4278224383
  m_Size: -0.02
--- !u!1 &3316019507018772183
GameObject:
  m_ObjectHideFlags: 0
  m_CorrespondingSourceObject: {fileID: 0}
  m_PrefabInstance: {fileID: 0}
  m_PrefabAsset: {fileID: 0}
  serializedVersion: 6
  m_Component:
  - component: {fileID: 2972636021073244875}
  - component: {fileID: 2204961949289721616}
  m_Layer: 0
  m_Name: Flame
  m_TagString: Untagged
  m_Icon: {fileID: 0}
  m_NavMeshLayer: 0
  m_StaticEditorFlags: 2147483647
  m_IsActive: 1
--- !u!4 &2972636021073244875
Transform:
  m_ObjectHideFlags: 0
  m_CorrespondingSourceObject: {fileID: 0}
  m_PrefabInstance: {fileID: 0}
  m_PrefabAsset: {fileID: 0}
  m_GameObject: {fileID: 3316019507018772183}
  m_LocalRotation: {x: 0, y: 0, z: 0, w: 1}
  m_LocalPosition: {x: 0.6355, y: -1.4424, z: -0.26390004}
  m_LocalScale: {x: 1, y: 1, z: 1}
  m_Children: []
  m_Father: {fileID: 7081544331285099031}
  m_RootOrder: 1
  m_LocalEulerAnglesHint: {x: 0, y: 0, z: 0}
--- !u!122 &2204961949289721616
Halo:
  m_ObjectHideFlags: 0
  m_CorrespondingSourceObject: {fileID: 0}
  m_PrefabInstance: {fileID: 0}
  m_PrefabAsset: {fileID: 0}
  m_GameObject: {fileID: 3316019507018772183}
  m_Enabled: 1
  m_Color:
    serializedVersion: 2
    rgba: 4278224383
  m_Size: -0.02
--- !u!1 &5916923806322917275
GameObject:
  m_ObjectHideFlags: 0
  m_CorrespondingSourceObject: {fileID: 0}
  m_PrefabInstance: {fileID: 0}
  m_PrefabAsset: {fileID: 0}
  serializedVersion: 6
  m_Component:
  - component: {fileID: 4491735627811352064}
  - component: {fileID: 6333389298062253941}
  m_Layer: 0
  m_Name: Flame (5)
  m_TagString: Untagged
  m_Icon: {fileID: 0}
  m_NavMeshLayer: 0
  m_StaticEditorFlags: 2147483647
  m_IsActive: 1
--- !u!4 &4491735627811352064
Transform:
  m_ObjectHideFlags: 0
  m_CorrespondingSourceObject: {fileID: 0}
  m_PrefabInstance: {fileID: 0}
  m_PrefabAsset: {fileID: 0}
  m_GameObject: {fileID: 5916923806322917275}
  m_LocalRotation: {x: 0, y: 0, z: 0, w: 1}
  m_LocalPosition: {x: -0.636, y: -1.4424, z: -0.26}
  m_LocalScale: {x: 1, y: 1, z: 1}
  m_Children: []
  m_Father: {fileID: 7081544331285099031}
  m_RootOrder: 11
  m_LocalEulerAnglesHint: {x: 0, y: 0, z: 0}
--- !u!122 &6333389298062253941
Halo:
  m_ObjectHideFlags: 0
  m_CorrespondingSourceObject: {fileID: 0}
  m_PrefabInstance: {fileID: 0}
  m_PrefabAsset: {fileID: 0}
  m_GameObject: {fileID: 5916923806322917275}
  m_Enabled: 1
  m_Color:
    serializedVersion: 2
    rgba: 4278224383
  m_Size: -0.02
--- !u!1 &7081544331284868663
GameObject:
  m_ObjectHideFlags: 0
  m_CorrespondingSourceObject: {fileID: 0}
  m_PrefabInstance: {fileID: 0}
  m_PrefabAsset: {fileID: 0}
  serializedVersion: 6
  m_Component:
  - component: {fileID: 7081544331285099031}
  - component: {fileID: 7081544331283771959}
  - component: {fileID: 7081544331282673911}
  - component: {fileID: 8813302504062202593}
  m_Layer: 0
  m_Name: Chandelier
  m_TagString: Untagged
  m_Icon: {fileID: 0}
  m_NavMeshLayer: 0
  m_StaticEditorFlags: 2147483647
  m_IsActive: 1
--- !u!4 &7081544331285099031
Transform:
  m_ObjectHideFlags: 0
  m_CorrespondingSourceObject: {fileID: 0}
  m_PrefabInstance: {fileID: 0}
  m_PrefabAsset: {fileID: 0}
  m_GameObject: {fileID: 7081544331284868663}
  m_LocalRotation: {x: -0, y: -0, z: -0, w: 1}
  m_LocalPosition: {x: -11.4, y: 17.58, z: 34}
  m_LocalScale: {x: 1, y: 1, z: 1}
  m_Children:
  - {fileID: 8882290779984415586}
  - {fileID: 2972636021073244875}
  - {fileID: 2687484179149040522}
  - {fileID: 2227573944050695159}
  - {fileID: 8743019239180504404}
  - {fileID: 1613236240323744718}
  - {fileID: 3038710910648941173}
  - {fileID: 40768911143934065}
  - {fileID: 4413768589390036101}
  - {fileID: 5599759038383602030}
  - {fileID: 8461195549373120502}
  - {fileID: 4491735627811352064}
  - {fileID: 7968328029509157328}
  - {fileID: 4099251683995157745}
  - {fileID: 5899065676658404791}
  - {fileID: 901756955802827365}
  m_Father: {fileID: 0}
  m_RootOrder: 0
  m_LocalEulerAnglesHint: {x: -89.98, y: 0, z: 0}
--- !u!33 &7081544331283771959
MeshFilter:
  m_ObjectHideFlags: 0
  m_CorrespondingSourceObject: {fileID: 0}
  m_PrefabInstance: {fileID: 0}
  m_PrefabAsset: {fileID: 0}
  m_GameObject: {fileID: 7081544331284868663}
  m_Mesh: {fileID: 9096884052415582558, guid: 6b596b44345a31449b0a45c5c08932c6, type: 3}
--- !u!23 &7081544331282673911
MeshRenderer:
  m_ObjectHideFlags: 0
  m_CorrespondingSourceObject: {fileID: 0}
  m_PrefabInstance: {fileID: 0}
  m_PrefabAsset: {fileID: 0}
  m_GameObject: {fileID: 7081544331284868663}
  m_Enabled: 1
  m_CastShadows: 1
  m_ReceiveShadows: 1
  m_DynamicOccludee: 1
  m_MotionVectors: 1
  m_LightProbeUsage: 0
  m_ReflectionProbeUsage: 1
  m_RayTracingMode: 2
  m_RayTraceProcedural: 0
  m_RenderingLayerMask: 1
  m_RendererPriority: 0
  m_Materials:
  - {fileID: 2100000, guid: 57c5c45402f367749a31d5f99048f829, type: 2}
  - {fileID: 2100000, guid: 608d5ffbcc8ba6d4da4dcc0224fef9ea, type: 2}
  m_StaticBatchInfo:
    firstSubMesh: 0
    subMeshCount: 0
  m_StaticBatchRoot: {fileID: 0}
  m_ProbeAnchor: {fileID: 0}
  m_LightProbeVolumeOverride: {fileID: 0}
  m_ScaleInLightmap: 1
  m_ReceiveGI: 1
  m_PreserveUVs: 0
  m_IgnoreNormalsForChartDetection: 0
  m_ImportantGI: 0
  m_StitchLightmapSeams: 0
  m_SelectedEditorRenderState: 3
  m_MinimumChartSize: 4
  m_AutoUVMaxDistance: 0.5
  m_AutoUVMaxAngle: 89
  m_LightmapParameters: {fileID: 0}
  m_SortingLayerID: 0
  m_SortingLayer: 0
  m_SortingOrder: 0
  m_AdditionalVertexStreams: {fileID: 0}
--- !u!64 &8813302504062202593
MeshCollider:
  m_ObjectHideFlags: 0
  m_CorrespondingSourceObject: {fileID: 0}
  m_PrefabInstance: {fileID: 0}
  m_PrefabAsset: {fileID: 0}
  m_GameObject: {fileID: 7081544331284868663}
  m_Material: {fileID: 0}
  m_IsTrigger: 0
  m_Enabled: 1
  serializedVersion: 4
  m_Convex: 0
  m_CookingOptions: 30
  m_Mesh: {fileID: 9096884052415582558, guid: 6b596b44345a31449b0a45c5c08932c6, type: 3}
--- !u!1 &7217109092331085686
GameObject:
  m_ObjectHideFlags: 0
  m_CorrespondingSourceObject: {fileID: 0}
  m_PrefabInstance: {fileID: 0}
  m_PrefabAsset: {fileID: 0}
  serializedVersion: 6
  m_Component:
  - component: {fileID: 40768911143934065}
  - component: {fileID: 4682925492706570973}
  m_Layer: 0
  m_Name: Flame (3)
  m_TagString: Untagged
  m_Icon: {fileID: 0}
  m_NavMeshLayer: 0
  m_StaticEditorFlags: 2147483647
  m_IsActive: 1
--- !u!4 &40768911143934065
Transform:
  m_ObjectHideFlags: 0
  m_CorrespondingSourceObject: {fileID: 0}
  m_PrefabInstance: {fileID: 0}
  m_PrefabAsset: {fileID: 0}
  m_GameObject: {fileID: 7217109092331085686}
  m_LocalRotation: {x: 0, y: 0, z: 0, w: 1}
  m_LocalPosition: {x: -0.257, y: -1.4424, z: 0.6359999}
  m_LocalScale: {x: 1, y: 1, z: 1}
  m_Children: []
  m_Father: {fileID: 7081544331285099031}
  m_RootOrder: 7
  m_LocalEulerAnglesHint: {x: 0, y: 0, z: 0}
--- !u!122 &4682925492706570973
Halo:
  m_ObjectHideFlags: 0
  m_CorrespondingSourceObject: {fileID: 0}
  m_PrefabInstance: {fileID: 0}
  m_PrefabAsset: {fileID: 0}
  m_GameObject: {fileID: 7217109092331085686}
  m_Enabled: 1
  m_Color:
    serializedVersion: 2
    rgba: 4278224383
  m_Size: -0.02
--- !u!1 &7498769408939292961
GameObject:
  m_ObjectHideFlags: 0
  m_CorrespondingSourceObject: {fileID: 0}
  m_PrefabInstance: {fileID: 0}
  m_PrefabAsset: {fileID: 0}
  serializedVersion: 6
  m_Component:
  - component: {fileID: 2227573944050695159}
  - component: {fileID: 8454604082925817939}
  m_Layer: 0
  m_Name: Flame (1)
  m_TagString: Untagged
  m_Icon: {fileID: 0}
  m_NavMeshLayer: 0
  m_StaticEditorFlags: 2147483647
  m_IsActive: 1
--- !u!4 &2227573944050695159
Transform:
  m_ObjectHideFlags: 0
  m_CorrespondingSourceObject: {fileID: 0}
  m_PrefabInstance: {fileID: 0}
  m_PrefabAsset: {fileID: 0}
  m_GameObject: {fileID: 7498769408939292961}
  m_LocalRotation: {x: 0, y: 0, z: 0, w: 1}
  m_LocalPosition: {x: 0.64, y: -1.4424, z: 0.26999998}
  m_LocalScale: {x: 1, y: 1, z: 1}
  m_Children: []
  m_Father: {fileID: 7081544331285099031}
  m_RootOrder: 3
  m_LocalEulerAnglesHint: {x: 0, y: 0, z: 0}
--- !u!122 &8454604082925817939
Halo:
  m_ObjectHideFlags: 0
  m_CorrespondingSourceObject: {fileID: 0}
  m_PrefabInstance: {fileID: 0}
  m_PrefabAsset: {fileID: 0}
  m_GameObject: {fileID: 7498769408939292961}
  m_Enabled: 1
  m_Color:
    serializedVersion: 2
    rgba: 4278224383
  m_Size: -0.02
--- !u!1 &8753200387467373805
GameObject:
  m_ObjectHideFlags: 0
  m_CorrespondingSourceObject: {fileID: 0}
  m_PrefabInstance: {fileID: 0}
  m_PrefabAsset: {fileID: 0}
  serializedVersion: 6
  m_Component:
  - component: {fileID: 5599759038383602030}
  - component: {fileID: 3997248653639837641}
  m_Layer: 0
  m_Name: Flame (4)
  m_TagString: Untagged
  m_Icon: {fileID: 0}
  m_NavMeshLayer: 0
  m_StaticEditorFlags: 2147483647
  m_IsActive: 1
--- !u!4 &5599759038383602030
Transform:
  m_ObjectHideFlags: 0
  m_CorrespondingSourceObject: {fileID: 0}
  m_PrefabInstance: {fileID: 0}
  m_PrefabAsset: {fileID: 0}
  m_GameObject: {fileID: 8753200387467373805}
  m_LocalRotation: {x: 0, y: 0, z: 0, w: 1}
  m_LocalPosition: {x: -0.636, y: -1.4424, z: 0.264}
  m_LocalScale: {x: 1, y: 1, z: 1}
  m_Children: []
  m_Father: {fileID: 7081544331285099031}
  m_RootOrder: 9
  m_LocalEulerAnglesHint: {x: 0, y: 0, z: 0}
--- !u!122 &3997248653639837641
Halo:
  m_ObjectHideFlags: 0
  m_CorrespondingSourceObject: {fileID: 0}
  m_PrefabInstance: {fileID: 0}
  m_PrefabAsset: {fileID: 0}
  m_GameObject: {fileID: 8753200387467373805}
  m_Enabled: 1
  m_Color:
    serializedVersion: 2
    rgba: 4278224383
  m_Size: -0.02
--- !u!1 &9187418951861940421
GameObject:
  m_ObjectHideFlags: 0
  m_CorrespondingSourceObject: {fileID: 0}
  m_PrefabInstance: {fileID: 0}
  m_PrefabAsset: {fileID: 0}
  serializedVersion: 6
  m_Component:
  - component: {fileID: 4099251683995157745}
  - component: {fileID: 6688443686479692392}
  m_Layer: 0
  m_Name: Flame (6)
  m_TagString: Untagged
  m_Icon: {fileID: 0}
  m_NavMeshLayer: 0
  m_StaticEditorFlags: 2147483647
  m_IsActive: 1
--- !u!4 &4099251683995157745
Transform:
  m_ObjectHideFlags: 0
  m_CorrespondingSourceObject: {fileID: 0}
  m_PrefabInstance: {fileID: 0}
  m_PrefabAsset: {fileID: 0}
  m_GameObject: {fileID: 9187418951861940421}
  m_LocalRotation: {x: 0, y: 0, z: 0, w: 1}
  m_LocalPosition: {x: -0.259, y: -1.4424, z: -0.637}
  m_LocalScale: {x: 1, y: 1, z: 1}
  m_Children: []
  m_Father: {fileID: 7081544331285099031}
  m_RootOrder: 13
  m_LocalEulerAnglesHint: {x: 0, y: 0, z: 0}
--- !u!122 &6688443686479692392
Halo:
  m_ObjectHideFlags: 0
  m_CorrespondingSourceObject: {fileID: 0}
  m_PrefabInstance: {fileID: 0}
  m_PrefabAsset: {fileID: 0}
  m_GameObject: {fileID: 9187418951861940421}
  m_Enabled: 1
  m_Color:
    serializedVersion: 2
    rgba: 4278224383
  m_Size: -0.02
--- !u!1001 &2125590287158460471
PrefabInstance:
  m_ObjectHideFlags: 0
  serializedVersion: 2
  m_Modification:
    m_TransformParent: {fileID: 7081544331285099031}
    m_Modifications:
    - target: {fileID: 7366659177372650325, guid: 799c4c04ef3220b4d8f966ff7d330da8, type: 3}
      propertyPath: m_RootOrder
      value: 0
      objectReference: {fileID: 0}
    - target: {fileID: 7366659177372650325, guid: 799c4c04ef3220b4d8f966ff7d330da8, type: 3}
      propertyPath: m_LocalPosition.x
      value: 0.6355
      objectReference: {fileID: 0}
    - target: {fileID: 7366659177372650325, guid: 799c4c04ef3220b4d8f966ff7d330da8, type: 3}
      propertyPath: m_LocalPosition.y
      value: -1.4225
      objectReference: {fileID: 0}
    - target: {fileID: 7366659177372650325, guid: 799c4c04ef3220b4d8f966ff7d330da8, type: 3}
      propertyPath: m_LocalPosition.z
      value: -0.2639
      objectReference: {fileID: 0}
    - target: {fileID: 7366659177372650325, guid: 799c4c04ef3220b4d8f966ff7d330da8, type: 3}
      propertyPath: m_LocalRotation.w
      value: 0.7071067
      objectReference: {fileID: 0}
    - target: {fileID: 7366659177372650325, guid: 799c4c04ef3220b4d8f966ff7d330da8, type: 3}
      propertyPath: m_LocalRotation.x
      value: -0.7071068
      objectReference: {fileID: 0}
    - target: {fileID: 7366659177372650325, guid: 799c4c04ef3220b4d8f966ff7d330da8, type: 3}
      propertyPath: m_LocalRotation.y
      value: -0
      objectReference: {fileID: 0}
    - target: {fileID: 7366659177372650325, guid: 799c4c04ef3220b4d8f966ff7d330da8, type: 3}
      propertyPath: m_LocalRotation.z
      value: 0
      objectReference: {fileID: 0}
    - target: {fileID: 7366659177372650325, guid: 799c4c04ef3220b4d8f966ff7d330da8, type: 3}
      propertyPath: m_LocalEulerAnglesHint.x
      value: 0
      objectReference: {fileID: 0}
    - target: {fileID: 7366659177372650325, guid: 799c4c04ef3220b4d8f966ff7d330da8, type: 3}
      propertyPath: m_LocalEulerAnglesHint.y
      value: 0
      objectReference: {fileID: 0}
    - target: {fileID: 7366659177372650325, guid: 799c4c04ef3220b4d8f966ff7d330da8, type: 3}
      propertyPath: m_LocalEulerAnglesHint.z
      value: 0
      objectReference: {fileID: 0}
    - target: {fileID: 7366659177372877301, guid: 799c4c04ef3220b4d8f966ff7d330da8, type: 3}
      propertyPath: m_Name
      value: fire1
      objectReference: {fileID: 0}
    - target: {fileID: 7366659177388532935, guid: 799c4c04ef3220b4d8f966ff7d330da8, type: 3}
      propertyPath: m_Materials.Array.data[0]
      value: 
      objectReference: {fileID: 2100000, guid: 40df9c232a253794eb5a21f38afc1590, type: 2}
    m_RemovedComponents: []
  m_SourcePrefab: {fileID: 100100000, guid: 799c4c04ef3220b4d8f966ff7d330da8, type: 3}
--- !u!4 &8882290779984415586 stripped
Transform:
  m_CorrespondingSourceObject: {fileID: 7366659177372650325, guid: 799c4c04ef3220b4d8f966ff7d330da8, type: 3}
  m_PrefabInstance: {fileID: 2125590287158460471}
  m_PrefabAsset: {fileID: 0}
--- !u!1001 &2687484179149464672
PrefabInstance:
  m_ObjectHideFlags: 0
  serializedVersion: 2
  m_Modification:
    m_TransformParent: {fileID: 7081544331285099031}
    m_Modifications:
    - target: {fileID: 197962, guid: c1f1c6a173fc5a34aae675702b69445a, type: 3}
      propertyPath: m_Name
      value: fire1 (1)
      objectReference: {fileID: 0}
    - target: {fileID: 430058, guid: c1f1c6a173fc5a34aae675702b69445a, type: 3}
      propertyPath: m_RootOrder
      value: 2
      objectReference: {fileID: 0}
    - target: {fileID: 430058, guid: c1f1c6a173fc5a34aae675702b69445a, type: 3}
      propertyPath: m_LocalPosition.x
      value: 0.64
      objectReference: {fileID: 0}
    - target: {fileID: 430058, guid: c1f1c6a173fc5a34aae675702b69445a, type: 3}
      propertyPath: m_LocalPosition.y
      value: -1.4225
      objectReference: {fileID: 0}
    - target: {fileID: 430058, guid: c1f1c6a173fc5a34aae675702b69445a, type: 3}
      propertyPath: m_LocalPosition.z
      value: 0.27
      objectReference: {fileID: 0}
    - target: {fileID: 430058, guid: c1f1c6a173fc5a34aae675702b69445a, type: 3}
      propertyPath: m_LocalRotation.w
      value: 0.7071067
      objectReference: {fileID: 0}
    - target: {fileID: 430058, guid: c1f1c6a173fc5a34aae675702b69445a, type: 3}
      propertyPath: m_LocalRotation.x
      value: -0.7071068
      objectReference: {fileID: 0}
    - target: {fileID: 430058, guid: c1f1c6a173fc5a34aae675702b69445a, type: 3}
      propertyPath: m_LocalRotation.y
      value: -0
      objectReference: {fileID: 0}
    - target: {fileID: 430058, guid: c1f1c6a173fc5a34aae675702b69445a, type: 3}
      propertyPath: m_LocalRotation.z
      value: 0
      objectReference: {fileID: 0}
    - target: {fileID: 430058, guid: c1f1c6a173fc5a34aae675702b69445a, type: 3}
      propertyPath: m_LocalEulerAnglesHint.x
      value: 0
      objectReference: {fileID: 0}
    - target: {fileID: 430058, guid: c1f1c6a173fc5a34aae675702b69445a, type: 3}
      propertyPath: m_LocalEulerAnglesHint.y
      value: 0
      objectReference: {fileID: 0}
    - target: {fileID: 430058, guid: c1f1c6a173fc5a34aae675702b69445a, type: 3}
      propertyPath: m_LocalEulerAnglesHint.z
      value: 0
      objectReference: {fileID: 0}
    - target: {fileID: 10832028, guid: c1f1c6a173fc5a34aae675702b69445a, type: 3}
      propertyPath: m_Range
      value: 30
      objectReference: {fileID: 0}
    - target: {fileID: 10832028, guid: c1f1c6a173fc5a34aae675702b69445a, type: 3}
      propertyPath: m_Color.g
      value: 0.34509805
      objectReference: {fileID: 0}
    - target: {fileID: 10832028, guid: c1f1c6a173fc5a34aae675702b69445a, type: 3}
      propertyPath: m_Color.r
      value: 0.93333334
      objectReference: {fileID: 0}
    - target: {fileID: 19980408, guid: c1f1c6a173fc5a34aae675702b69445a, type: 3}
      propertyPath: m_Materials.Array.data[0]
      value: 
      objectReference: {fileID: 2100000, guid: 40df9c232a253794eb5a21f38afc1590, type: 2}
    m_RemovedComponents: []
  m_SourcePrefab: {fileID: 100100000, guid: c1f1c6a173fc5a34aae675702b69445a, type: 3}
--- !u!4 &2687484179149040522 stripped
Transform:
  m_CorrespondingSourceObject: {fileID: 430058, guid: c1f1c6a173fc5a34aae675702b69445a, type: 3}
  m_PrefabInstance: {fileID: 2687484179149464672}
  m_PrefabAsset: {fileID: 0}
--- !u!1001 &3038710910648841631
PrefabInstance:
  m_ObjectHideFlags: 0
  serializedVersion: 2
  m_Modification:
    m_TransformParent: {fileID: 7081544331285099031}
    m_Modifications:
    - target: {fileID: 197962, guid: c1f1c6a173fc5a34aae675702b69445a, type: 3}
      propertyPath: m_Name
      value: fire1 (3)
      objectReference: {fileID: 0}
    - target: {fileID: 430058, guid: c1f1c6a173fc5a34aae675702b69445a, type: 3}
      propertyPath: m_RootOrder
      value: 6
      objectReference: {fileID: 0}
    - target: {fileID: 430058, guid: c1f1c6a173fc5a34aae675702b69445a, type: 3}
      propertyPath: m_LocalPosition.x
      value: -0.257
      objectReference: {fileID: 0}
    - target: {fileID: 430058, guid: c1f1c6a173fc5a34aae675702b69445a, type: 3}
      propertyPath: m_LocalPosition.y
      value: -1.4225
      objectReference: {fileID: 0}
    - target: {fileID: 430058, guid: c1f1c6a173fc5a34aae675702b69445a, type: 3}
      propertyPath: m_LocalPosition.z
      value: 0.636
      objectReference: {fileID: 0}
    - target: {fileID: 430058, guid: c1f1c6a173fc5a34aae675702b69445a, type: 3}
      propertyPath: m_LocalRotation.w
      value: 0.7071067
      objectReference: {fileID: 0}
    - target: {fileID: 430058, guid: c1f1c6a173fc5a34aae675702b69445a, type: 3}
      propertyPath: m_LocalRotation.x
      value: -0.7071068
      objectReference: {fileID: 0}
    - target: {fileID: 430058, guid: c1f1c6a173fc5a34aae675702b69445a, type: 3}
      propertyPath: m_LocalRotation.y
      value: -0
      objectReference: {fileID: 0}
    - target: {fileID: 430058, guid: c1f1c6a173fc5a34aae675702b69445a, type: 3}
      propertyPath: m_LocalRotation.z
      value: 0
      objectReference: {fileID: 0}
    - target: {fileID: 430058, guid: c1f1c6a173fc5a34aae675702b69445a, type: 3}
      propertyPath: m_LocalEulerAnglesHint.x
      value: 0
      objectReference: {fileID: 0}
    - target: {fileID: 430058, guid: c1f1c6a173fc5a34aae675702b69445a, type: 3}
      propertyPath: m_LocalEulerAnglesHint.y
      value: 0
      objectReference: {fileID: 0}
    - target: {fileID: 430058, guid: c1f1c6a173fc5a34aae675702b69445a, type: 3}
      propertyPath: m_LocalEulerAnglesHint.z
      value: 0
      objectReference: {fileID: 0}
    - target: {fileID: 10832028, guid: c1f1c6a173fc5a34aae675702b69445a, type: 3}
      propertyPath: m_Range
      value: 30
      objectReference: {fileID: 0}
    - target: {fileID: 10832028, guid: c1f1c6a173fc5a34aae675702b69445a, type: 3}
      propertyPath: m_Color.g
      value: 0.34509805
      objectReference: {fileID: 0}
    - target: {fileID: 10832028, guid: c1f1c6a173fc5a34aae675702b69445a, type: 3}
      propertyPath: m_Color.r
      value: 0.93333334
      objectReference: {fileID: 0}
    - target: {fileID: 19980408, guid: c1f1c6a173fc5a34aae675702b69445a, type: 3}
      propertyPath: m_Materials.Array.data[0]
      value: 
      objectReference: {fileID: 2100000, guid: 40df9c232a253794eb5a21f38afc1590, type: 2}
    m_RemovedComponents: []
  m_SourcePrefab: {fileID: 100100000, guid: c1f1c6a173fc5a34aae675702b69445a, type: 3}
--- !u!4 &3038710910648941173 stripped
Transform:
  m_CorrespondingSourceObject: {fileID: 430058, guid: c1f1c6a173fc5a34aae675702b69445a, type: 3}
  m_PrefabInstance: {fileID: 3038710910648841631}
  m_PrefabAsset: {fileID: 0}
--- !u!1001 &4413768589389607791
PrefabInstance:
  m_ObjectHideFlags: 0
  serializedVersion: 2
  m_Modification:
    m_TransformParent: {fileID: 7081544331285099031}
    m_Modifications:
    - target: {fileID: 197962, guid: c1f1c6a173fc5a34aae675702b69445a, type: 3}
      propertyPath: m_Name
      value: fire1 (4)
      objectReference: {fileID: 0}
    - target: {fileID: 430058, guid: c1f1c6a173fc5a34aae675702b69445a, type: 3}
      propertyPath: m_RootOrder
      value: 8
      objectReference: {fileID: 0}
    - target: {fileID: 430058, guid: c1f1c6a173fc5a34aae675702b69445a, type: 3}
      propertyPath: m_LocalPosition.x
      value: -0.636
      objectReference: {fileID: 0}
    - target: {fileID: 430058, guid: c1f1c6a173fc5a34aae675702b69445a, type: 3}
      propertyPath: m_LocalPosition.y
      value: -1.4225
      objectReference: {fileID: 0}
    - target: {fileID: 430058, guid: c1f1c6a173fc5a34aae675702b69445a, type: 3}
      propertyPath: m_LocalPosition.z
      value: 0.2640001
      objectReference: {fileID: 0}
    - target: {fileID: 430058, guid: c1f1c6a173fc5a34aae675702b69445a, type: 3}
      propertyPath: m_LocalRotation.w
      value: 0.7071067
      objectReference: {fileID: 0}
    - target: {fileID: 430058, guid: c1f1c6a173fc5a34aae675702b69445a, type: 3}
      propertyPath: m_LocalRotation.x
      value: -0.7071068
      objectReference: {fileID: 0}
    - target: {fileID: 430058, guid: c1f1c6a173fc5a34aae675702b69445a, type: 3}
      propertyPath: m_LocalRotation.y
      value: -0
      objectReference: {fileID: 0}
    - target: {fileID: 430058, guid: c1f1c6a173fc5a34aae675702b69445a, type: 3}
      propertyPath: m_LocalRotation.z
      value: 0
      objectReference: {fileID: 0}
    - target: {fileID: 430058, guid: c1f1c6a173fc5a34aae675702b69445a, type: 3}
      propertyPath: m_LocalEulerAnglesHint.x
      value: 0
      objectReference: {fileID: 0}
    - target: {fileID: 430058, guid: c1f1c6a173fc5a34aae675702b69445a, type: 3}
      propertyPath: m_LocalEulerAnglesHint.y
      value: 0
      objectReference: {fileID: 0}
    - target: {fileID: 430058, guid: c1f1c6a173fc5a34aae675702b69445a, type: 3}
      propertyPath: m_LocalEulerAnglesHint.z
      value: 0
      objectReference: {fileID: 0}
    - target: {fileID: 10832028, guid: c1f1c6a173fc5a34aae675702b69445a, type: 3}
      propertyPath: m_Range
      value: 30
      objectReference: {fileID: 0}
    - target: {fileID: 10832028, guid: c1f1c6a173fc5a34aae675702b69445a, type: 3}
      propertyPath: m_Color.g
      value: 0.34509805
      objectReference: {fileID: 0}
    - target: {fileID: 10832028, guid: c1f1c6a173fc5a34aae675702b69445a, type: 3}
      propertyPath: m_Color.r
      value: 0.93333334
      objectReference: {fileID: 0}
    - target: {fileID: 19980408, guid: c1f1c6a173fc5a34aae675702b69445a, type: 3}
      propertyPath: m_Materials.Array.data[0]
      value: 
      objectReference: {fileID: 2100000, guid: 40df9c232a253794eb5a21f38afc1590, type: 2}
    m_RemovedComponents: []
  m_SourcePrefab: {fileID: 100100000, guid: c1f1c6a173fc5a34aae675702b69445a, type: 3}
--- !u!4 &4413768589390036101 stripped
Transform:
  m_CorrespondingSourceObject: {fileID: 430058, guid: c1f1c6a173fc5a34aae675702b69445a, type: 3}
  m_PrefabInstance: {fileID: 4413768589389607791}
  m_PrefabAsset: {fileID: 0}
--- !u!1001 &5899065676658303581
PrefabInstance:
  m_ObjectHideFlags: 0
  serializedVersion: 2
  m_Modification:
    m_TransformParent: {fileID: 7081544331285099031}
    m_Modifications:
    - target: {fileID: 197962, guid: c1f1c6a173fc5a34aae675702b69445a, type: 3}
      propertyPath: m_Name
      value: fire1 (7)
      objectReference: {fileID: 0}
    - target: {fileID: 430058, guid: c1f1c6a173fc5a34aae675702b69445a, type: 3}
      propertyPath: m_RootOrder
      value: 14
      objectReference: {fileID: 0}
    - target: {fileID: 430058, guid: c1f1c6a173fc5a34aae675702b69445a, type: 3}
      propertyPath: m_LocalPosition.x
      value: 0.268
      objectReference: {fileID: 0}
    - target: {fileID: 430058, guid: c1f1c6a173fc5a34aae675702b69445a, type: 3}
      propertyPath: m_LocalPosition.y
      value: -1.4225
      objectReference: {fileID: 0}
    - target: {fileID: 430058, guid: c1f1c6a173fc5a34aae675702b69445a, type: 3}
      propertyPath: m_LocalPosition.z
      value: -0.6359999
      objectReference: {fileID: 0}
    - target: {fileID: 430058, guid: c1f1c6a173fc5a34aae675702b69445a, type: 3}
      propertyPath: m_LocalRotation.w
      value: 0.7071067
      objectReference: {fileID: 0}
    - target: {fileID: 430058, guid: c1f1c6a173fc5a34aae675702b69445a, type: 3}
      propertyPath: m_LocalRotation.x
      value: -0.7071068
      objectReference: {fileID: 0}
    - target: {fileID: 430058, guid: c1f1c6a173fc5a34aae675702b69445a, type: 3}
      propertyPath: m_LocalRotation.y
      value: -0
      objectReference: {fileID: 0}
    - target: {fileID: 430058, guid: c1f1c6a173fc5a34aae675702b69445a, type: 3}
      propertyPath: m_LocalRotation.z
      value: 0
      objectReference: {fileID: 0}
    - target: {fileID: 430058, guid: c1f1c6a173fc5a34aae675702b69445a, type: 3}
      propertyPath: m_LocalEulerAnglesHint.x
      value: 0
      objectReference: {fileID: 0}
    - target: {fileID: 430058, guid: c1f1c6a173fc5a34aae675702b69445a, type: 3}
      propertyPath: m_LocalEulerAnglesHint.y
      value: 0
      objectReference: {fileID: 0}
    - target: {fileID: 430058, guid: c1f1c6a173fc5a34aae675702b69445a, type: 3}
      propertyPath: m_LocalEulerAnglesHint.z
      value: 0
      objectReference: {fileID: 0}
    - target: {fileID: 10832028, guid: c1f1c6a173fc5a34aae675702b69445a, type: 3}
      propertyPath: m_Range
      value: 30
      objectReference: {fileID: 0}
    - target: {fileID: 10832028, guid: c1f1c6a173fc5a34aae675702b69445a, type: 3}
      propertyPath: m_Color.g
      value: 0.34509805
      objectReference: {fileID: 0}
    - target: {fileID: 10832028, guid: c1f1c6a173fc5a34aae675702b69445a, type: 3}
      propertyPath: m_Color.r
      value: 0.93333334
      objectReference: {fileID: 0}
    - target: {fileID: 19980408, guid: c1f1c6a173fc5a34aae675702b69445a, type: 3}
      propertyPath: m_Materials.Array.data[0]
      value: 
      objectReference: {fileID: 2100000, guid: 40df9c232a253794eb5a21f38afc1590, type: 2}
    m_RemovedComponents: []
  m_SourcePrefab: {fileID: 100100000, guid: c1f1c6a173fc5a34aae675702b69445a, type: 3}
--- !u!4 &5899065676658404791 stripped
Transform:
  m_CorrespondingSourceObject: {fileID: 430058, guid: c1f1c6a173fc5a34aae675702b69445a, type: 3}
  m_PrefabInstance: {fileID: 5899065676658303581}
  m_PrefabAsset: {fileID: 0}
--- !u!1001 &7968328029508734522
PrefabInstance:
  m_ObjectHideFlags: 0
  serializedVersion: 2
  m_Modification:
    m_TransformParent: {fileID: 7081544331285099031}
    m_Modifications:
    - target: {fileID: 197962, guid: c1f1c6a173fc5a34aae675702b69445a, type: 3}
      propertyPath: m_Name
      value: fire1 (6)
      objectReference: {fileID: 0}
    - target: {fileID: 430058, guid: c1f1c6a173fc5a34aae675702b69445a, type: 3}
      propertyPath: m_RootOrder
      value: 12
      objectReference: {fileID: 0}
    - target: {fileID: 430058, guid: c1f1c6a173fc5a34aae675702b69445a, type: 3}
      propertyPath: m_LocalPosition.x
      value: -0.259
      objectReference: {fileID: 0}
    - target: {fileID: 430058, guid: c1f1c6a173fc5a34aae675702b69445a, type: 3}
      propertyPath: m_LocalPosition.y
      value: -1.4225
      objectReference: {fileID: 0}
    - target: {fileID: 430058, guid: c1f1c6a173fc5a34aae675702b69445a, type: 3}
      propertyPath: m_LocalPosition.z
      value: -0.637
      objectReference: {fileID: 0}
    - target: {fileID: 430058, guid: c1f1c6a173fc5a34aae675702b69445a, type: 3}
      propertyPath: m_LocalRotation.w
      value: 0.7071067
      objectReference: {fileID: 0}
    - target: {fileID: 430058, guid: c1f1c6a173fc5a34aae675702b69445a, type: 3}
      propertyPath: m_LocalRotation.x
      value: -0.7071068
      objectReference: {fileID: 0}
    - target: {fileID: 430058, guid: c1f1c6a173fc5a34aae675702b69445a, type: 3}
      propertyPath: m_LocalRotation.y
      value: -0
      objectReference: {fileID: 0}
    - target: {fileID: 430058, guid: c1f1c6a173fc5a34aae675702b69445a, type: 3}
      propertyPath: m_LocalRotation.z
      value: 0
      objectReference: {fileID: 0}
    - target: {fileID: 430058, guid: c1f1c6a173fc5a34aae675702b69445a, type: 3}
      propertyPath: m_LocalEulerAnglesHint.x
      value: 0
      objectReference: {fileID: 0}
    - target: {fileID: 430058, guid: c1f1c6a173fc5a34aae675702b69445a, type: 3}
      propertyPath: m_LocalEulerAnglesHint.y
      value: 0
      objectReference: {fileID: 0}
    - target: {fileID: 430058, guid: c1f1c6a173fc5a34aae675702b69445a, type: 3}
      propertyPath: m_LocalEulerAnglesHint.z
      value: 0
      objectReference: {fileID: 0}
    - target: {fileID: 10832028, guid: c1f1c6a173fc5a34aae675702b69445a, type: 3}
      propertyPath: m_Range
      value: 30
      objectReference: {fileID: 0}
    - target: {fileID: 10832028, guid: c1f1c6a173fc5a34aae675702b69445a, type: 3}
      propertyPath: m_Color.g
      value: 0.34509805
      objectReference: {fileID: 0}
    - target: {fileID: 10832028, guid: c1f1c6a173fc5a34aae675702b69445a, type: 3}
      propertyPath: m_Color.r
      value: 0.93333334
      objectReference: {fileID: 0}
    - target: {fileID: 19980408, guid: c1f1c6a173fc5a34aae675702b69445a, type: 3}
      propertyPath: m_Materials.Array.data[0]
      value: 
      objectReference: {fileID: 2100000, guid: 40df9c232a253794eb5a21f38afc1590, type: 2}
    m_RemovedComponents: []
  m_SourcePrefab: {fileID: 100100000, guid: c1f1c6a173fc5a34aae675702b69445a, type: 3}
--- !u!4 &7968328029509157328 stripped
Transform:
  m_CorrespondingSourceObject: {fileID: 430058, guid: c1f1c6a173fc5a34aae675702b69445a, type: 3}
  m_PrefabInstance: {fileID: 7968328029508734522}
  m_PrefabAsset: {fileID: 0}
--- !u!1001 &8461195549373542428
PrefabInstance:
  m_ObjectHideFlags: 0
  serializedVersion: 2
  m_Modification:
    m_TransformParent: {fileID: 7081544331285099031}
    m_Modifications:
    - target: {fileID: 197962, guid: c1f1c6a173fc5a34aae675702b69445a, type: 3}
      propertyPath: m_Name
      value: fire1 (5)
      objectReference: {fileID: 0}
    - target: {fileID: 430058, guid: c1f1c6a173fc5a34aae675702b69445a, type: 3}
      propertyPath: m_RootOrder
      value: 10
      objectReference: {fileID: 0}
    - target: {fileID: 430058, guid: c1f1c6a173fc5a34aae675702b69445a, type: 3}
      propertyPath: m_LocalPosition.x
      value: -0.636
      objectReference: {fileID: 0}
    - target: {fileID: 430058, guid: c1f1c6a173fc5a34aae675702b69445a, type: 3}
      propertyPath: m_LocalPosition.y
      value: -1.4225
      objectReference: {fileID: 0}
    - target: {fileID: 430058, guid: c1f1c6a173fc5a34aae675702b69445a, type: 3}
      propertyPath: m_LocalPosition.z
      value: -0.2599999
      objectReference: {fileID: 0}
    - target: {fileID: 430058, guid: c1f1c6a173fc5a34aae675702b69445a, type: 3}
      propertyPath: m_LocalRotation.w
      value: 0.7071067
      objectReference: {fileID: 0}
    - target: {fileID: 430058, guid: c1f1c6a173fc5a34aae675702b69445a, type: 3}
      propertyPath: m_LocalRotation.x
      value: -0.7071068
      objectReference: {fileID: 0}
    - target: {fileID: 430058, guid: c1f1c6a173fc5a34aae675702b69445a, type: 3}
      propertyPath: m_LocalRotation.y
      value: -0
      objectReference: {fileID: 0}
    - target: {fileID: 430058, guid: c1f1c6a173fc5a34aae675702b69445a, type: 3}
      propertyPath: m_LocalRotation.z
      value: 0
      objectReference: {fileID: 0}
    - target: {fileID: 430058, guid: c1f1c6a173fc5a34aae675702b69445a, type: 3}
      propertyPath: m_LocalEulerAnglesHint.x
      value: 0
      objectReference: {fileID: 0}
    - target: {fileID: 430058, guid: c1f1c6a173fc5a34aae675702b69445a, type: 3}
      propertyPath: m_LocalEulerAnglesHint.y
      value: 0
      objectReference: {fileID: 0}
    - target: {fileID: 430058, guid: c1f1c6a173fc5a34aae675702b69445a, type: 3}
      propertyPath: m_LocalEulerAnglesHint.z
      value: 0
      objectReference: {fileID: 0}
    - target: {fileID: 10832028, guid: c1f1c6a173fc5a34aae675702b69445a, type: 3}
      propertyPath: m_Range
      value: 30
      objectReference: {fileID: 0}
    - target: {fileID: 10832028, guid: c1f1c6a173fc5a34aae675702b69445a, type: 3}
      propertyPath: m_Color.g
      value: 0.34509805
      objectReference: {fileID: 0}
    - target: {fileID: 10832028, guid: c1f1c6a173fc5a34aae675702b69445a, type: 3}
      propertyPath: m_Color.r
      value: 0.93333334
      objectReference: {fileID: 0}
    - target: {fileID: 19980408, guid: c1f1c6a173fc5a34aae675702b69445a, type: 3}
      propertyPath: m_Materials.Array.data[0]
      value: 
      objectReference: {fileID: 2100000, guid: 40df9c232a253794eb5a21f38afc1590, type: 2}
    m_RemovedComponents: []
  m_SourcePrefab: {fileID: 100100000, guid: c1f1c6a173fc5a34aae675702b69445a, type: 3}
--- !u!4 &8461195549373120502 stripped
Transform:
  m_CorrespondingSourceObject: {fileID: 430058, guid: c1f1c6a173fc5a34aae675702b69445a, type: 3}
  m_PrefabInstance: {fileID: 8461195549373542428}
  m_PrefabAsset: {fileID: 0}
--- !u!1001 &8743019239180599998
PrefabInstance:
  m_ObjectHideFlags: 0
  serializedVersion: 2
  m_Modification:
    m_TransformParent: {fileID: 7081544331285099031}
    m_Modifications:
    - target: {fileID: 197962, guid: c1f1c6a173fc5a34aae675702b69445a, type: 3}
      propertyPath: m_Name
      value: fire1 (2)
      objectReference: {fileID: 0}
    - target: {fileID: 430058, guid: c1f1c6a173fc5a34aae675702b69445a, type: 3}
      propertyPath: m_RootOrder
      value: 4
      objectReference: {fileID: 0}
    - target: {fileID: 430058, guid: c1f1c6a173fc5a34aae675702b69445a, type: 3}
      propertyPath: m_LocalPosition.x
      value: 0.266
      objectReference: {fileID: 0}
    - target: {fileID: 430058, guid: c1f1c6a173fc5a34aae675702b69445a, type: 3}
      propertyPath: m_LocalPosition.y
      value: -1.4225
      objectReference: {fileID: 0}
    - target: {fileID: 430058, guid: c1f1c6a173fc5a34aae675702b69445a, type: 3}
      propertyPath: m_LocalPosition.z
      value: 0.6420001
      objectReference: {fileID: 0}
    - target: {fileID: 430058, guid: c1f1c6a173fc5a34aae675702b69445a, type: 3}
      propertyPath: m_LocalRotation.w
      value: 0.7071067
      objectReference: {fileID: 0}
    - target: {fileID: 430058, guid: c1f1c6a173fc5a34aae675702b69445a, type: 3}
      propertyPath: m_LocalRotation.x
      value: -0.7071068
      objectReference: {fileID: 0}
    - target: {fileID: 430058, guid: c1f1c6a173fc5a34aae675702b69445a, type: 3}
      propertyPath: m_LocalRotation.y
      value: -0
      objectReference: {fileID: 0}
    - target: {fileID: 430058, guid: c1f1c6a173fc5a34aae675702b69445a, type: 3}
      propertyPath: m_LocalRotation.z
      value: 0
      objectReference: {fileID: 0}
    - target: {fileID: 430058, guid: c1f1c6a173fc5a34aae675702b69445a, type: 3}
      propertyPath: m_LocalEulerAnglesHint.x
      value: 0
      objectReference: {fileID: 0}
    - target: {fileID: 430058, guid: c1f1c6a173fc5a34aae675702b69445a, type: 3}
      propertyPath: m_LocalEulerAnglesHint.y
      value: 0
      objectReference: {fileID: 0}
    - target: {fileID: 430058, guid: c1f1c6a173fc5a34aae675702b69445a, type: 3}
      propertyPath: m_LocalEulerAnglesHint.z
      value: 0
      objectReference: {fileID: 0}
    - target: {fileID: 10832028, guid: c1f1c6a173fc5a34aae675702b69445a, type: 3}
      propertyPath: m_Range
      value: 30
      objectReference: {fileID: 0}
    - target: {fileID: 10832028, guid: c1f1c6a173fc5a34aae675702b69445a, type: 3}
      propertyPath: m_Color.g
      value: 0.34509805
      objectReference: {fileID: 0}
    - target: {fileID: 10832028, guid: c1f1c6a173fc5a34aae675702b69445a, type: 3}
      propertyPath: m_Color.r
      value: 0.93333334
      objectReference: {fileID: 0}
    - target: {fileID: 19980408, guid: c1f1c6a173fc5a34aae675702b69445a, type: 3}
      propertyPath: m_Materials.Array.data[0]
      value: 
      objectReference: {fileID: 2100000, guid: 40df9c232a253794eb5a21f38afc1590, type: 2}
    m_RemovedComponents: []
  m_SourcePrefab: {fileID: 100100000, guid: c1f1c6a173fc5a34aae675702b69445a, type: 3}
--- !u!4 &8743019239180504404 stripped
Transform:
  m_CorrespondingSourceObject: {fileID: 430058, guid: c1f1c6a173fc5a34aae675702b69445a, type: 3}
  m_PrefabInstance: {fileID: 8743019239180599998}
  m_PrefabAsset: {fileID: 0}
