%YAML 1.1
%TAG !u! tag:unity3d.com,2011:
--- !u!1 &7238419294301299345
GameObject:
  m_ObjectHideFlags: 0
  m_CorrespondingSourceObject: {fileID: 0}
  m_PrefabInstance: {fileID: 0}
  m_PrefabAsset: {fileID: 0}
  serializedVersion: 6
  m_Component:
  - component: {fileID: 7238419294301299438}
  m_Layer: 0
  m_Name: puentesito (5)
  m_TagString: Untagged
  m_Icon: {fileID: 0}
  m_NavMeshLayer: 0
  m_StaticEditorFlags: 0
  m_IsActive: 1
--- !u!4 &7238419294301299438
Transform:
  m_ObjectHideFlags: 0
  m_CorrespondingSourceObject: {fileID: 0}
  m_PrefabInstance: {fileID: 0}
  m_PrefabAsset: {fileID: 0}
  m_GameObject: {fileID: 7238419294301299345}
  m_LocalRotation: {x: -0, y: -0, z: -0, w: 1}
  m_LocalPosition: {x: -22.16726, y: -9.54261, z: 63.738102}
  m_LocalScale: {x: 1, y: 1, z: 1}
  m_Children:
  - {fileID: 6075309065033200519}
  - {fileID: 6075309065303948367}
  - {fileID: 7221607888494453239}
  - {fileID: 5347925272393574770}
  - {fileID: 4996972963140442581}
  - {fileID: 2501440875347563099}
  - {fileID: 1373580637653693301}
  m_Father: {fileID: 0}
  m_RootOrder: 0
  m_LocalEulerAnglesHint: {x: 0, y: 0, z: 0}
--- !u!1001 &1336783687159487799
PrefabInstance:
  m_ObjectHideFlags: 0
  serializedVersion: 2
  m_Modification:
    m_TransformParent: {fileID: 7238419294301299438}
    m_Modifications:
    - target: {fileID: 3475603085023661932, guid: f0075f9ff8684d2498269202fd7753ee, type: 3}
      propertyPath: m_RootOrder
      value: 5
      objectReference: {fileID: 0}
    - target: {fileID: 3475603085023661932, guid: f0075f9ff8684d2498269202fd7753ee, type: 3}
      propertyPath: m_LocalPosition.x
      value: 24.59
      objectReference: {fileID: 0}
    - target: {fileID: 3475603085023661932, guid: f0075f9ff8684d2498269202fd7753ee, type: 3}
      propertyPath: m_LocalPosition.y
      value: 5.29261
      objectReference: {fileID: 0}
    - target: {fileID: 3475603085023661932, guid: f0075f9ff8684d2498269202fd7753ee, type: 3}
      propertyPath: m_LocalPosition.z
      value: -69.97
      objectReference: {fileID: 0}
    - target: {fileID: 3475603085023661932, guid: f0075f9ff8684d2498269202fd7753ee, type: 3}
      propertyPath: m_LocalRotation.w
      value: 0
      objectReference: {fileID: 0}
    - target: {fileID: 3475603085023661932, guid: f0075f9ff8684d2498269202fd7753ee, type: 3}
      propertyPath: m_LocalRotation.x
      value: -0
      objectReference: {fileID: 0}
    - target: {fileID: 3475603085023661932, guid: f0075f9ff8684d2498269202fd7753ee, type: 3}
      propertyPath: m_LocalRotation.y
      value: 1
      objectReference: {fileID: 0}
    - target: {fileID: 3475603085023661932, guid: f0075f9ff8684d2498269202fd7753ee, type: 3}
      propertyPath: m_LocalRotation.z
      value: -0
      objectReference: {fileID: 0}
    - target: {fileID: 3475603085023661932, guid: f0075f9ff8684d2498269202fd7753ee, type: 3}
      propertyPath: m_LocalEulerAnglesHint.x
      value: 0
      objectReference: {fileID: 0}
    - target: {fileID: 3475603085023661932, guid: f0075f9ff8684d2498269202fd7753ee, type: 3}
      propertyPath: m_LocalEulerAnglesHint.y
      value: 180
      objectReference: {fileID: 0}
    - target: {fileID: 3475603085023661932, guid: f0075f9ff8684d2498269202fd7753ee, type: 3}
      propertyPath: m_LocalEulerAnglesHint.z
      value: 0
      objectReference: {fileID: 0}
    - target: {fileID: 3475603085023661935, guid: f0075f9ff8684d2498269202fd7753ee, type: 3}
      propertyPath: m_Name
      value: Doorway_Balcony_3X1 (5)
      objectReference: {fileID: 0}
    - target: {fileID: 3475603085023661935, guid: f0075f9ff8684d2498269202fd7753ee, type: 3}
      propertyPath: m_Layer
      value: 0
      objectReference: {fileID: 0}
    - target: {fileID: 3475987592801004859, guid: f0075f9ff8684d2498269202fd7753ee, type: 3}
      propertyPath: m_Layer
      value: 0
      objectReference: {fileID: 0}
    - target: {fileID: 3475987593132472685, guid: f0075f9ff8684d2498269202fd7753ee, type: 3}
      propertyPath: m_Layer
      value: 0
      objectReference: {fileID: 0}
    - target: {fileID: 3475987593312057832, guid: f0075f9ff8684d2498269202fd7753ee, type: 3}
      propertyPath: m_Layer
      value: 0
      objectReference: {fileID: 0}
    - target: {fileID: 3475987593858548649, guid: f0075f9ff8684d2498269202fd7753ee, type: 3}
      propertyPath: m_Layer
      value: 0
      objectReference: {fileID: 0}
    - target: {fileID: 3475987594471687335, guid: f0075f9ff8684d2498269202fd7753ee, type: 3}
      propertyPath: m_Layer
      value: 0
      objectReference: {fileID: 0}
    - target: {fileID: 3475987594555669160, guid: f0075f9ff8684d2498269202fd7753ee, type: 3}
      propertyPath: m_Layer
      value: 0
      objectReference: {fileID: 0}
    - target: {fileID: 3476019323294662349, guid: f0075f9ff8684d2498269202fd7753ee, type: 3}
      propertyPath: m_Layer
      value: 0
      objectReference: {fileID: 0}
    - target: {fileID: 3476035933828912471, guid: f0075f9ff8684d2498269202fd7753ee, type: 3}
      propertyPath: m_Layer
      value: 0
      objectReference: {fileID: 0}
    - target: {fileID: 3476119027804997320, guid: f0075f9ff8684d2498269202fd7753ee, type: 3}
      propertyPath: m_Layer
      value: 0
      objectReference: {fileID: 0}
    - target: {fileID: 3476119027868605484, guid: f0075f9ff8684d2498269202fd7753ee, type: 3}
      propertyPath: m_Layer
      value: 0
      objectReference: {fileID: 0}
    - target: {fileID: 3476201571329427642, guid: f0075f9ff8684d2498269202fd7753ee, type: 3}
      propertyPath: m_Layer
      value: 0
      objectReference: {fileID: 0}
    - target: {fileID: 3476201571647389916, guid: f0075f9ff8684d2498269202fd7753ee, type: 3}
      propertyPath: m_Layer
      value: 0
      objectReference: {fileID: 0}
    - target: {fileID: 3476201571678980403, guid: f0075f9ff8684d2498269202fd7753ee, type: 3}
      propertyPath: m_Layer
      value: 0
      objectReference: {fileID: 0}
    - target: {fileID: 3476201571754157407, guid: f0075f9ff8684d2498269202fd7753ee, type: 3}
      propertyPath: m_Layer
      value: 0
      objectReference: {fileID: 0}
    - target: {fileID: 3476231171211468877, guid: f0075f9ff8684d2498269202fd7753ee, type: 3}
      propertyPath: m_Layer
      value: 0
      objectReference: {fileID: 0}
    - target: {fileID: 3476231172572846131, guid: f0075f9ff8684d2498269202fd7753ee, type: 3}
      propertyPath: m_Layer
      value: 0
      objectReference: {fileID: 0}
    - target: {fileID: 3476348187211176924, guid: f0075f9ff8684d2498269202fd7753ee, type: 3}
      propertyPath: m_Layer
      value: 0
      objectReference: {fileID: 0}
    - target: {fileID: 3476448071802004960, guid: f0075f9ff8684d2498269202fd7753ee, type: 3}
      propertyPath: m_Layer
      value: 0
      objectReference: {fileID: 0}
    - target: {fileID: 3476448072192739680, guid: f0075f9ff8684d2498269202fd7753ee, type: 3}
      propertyPath: m_Layer
      value: 0
      objectReference: {fileID: 0}
    - target: {fileID: 3476448072404514068, guid: f0075f9ff8684d2498269202fd7753ee, type: 3}
      propertyPath: m_Layer
      value: 0
      objectReference: {fileID: 0}
    - target: {fileID: 3476588480605783699, guid: f0075f9ff8684d2498269202fd7753ee, type: 3}
      propertyPath: m_Layer
      value: 0
      objectReference: {fileID: 0}
    - target: {fileID: 3476588480887915625, guid: f0075f9ff8684d2498269202fd7753ee, type: 3}
      propertyPath: m_Layer
      value: 0
      objectReference: {fileID: 0}
    - target: {fileID: 3488199855312023392, guid: f0075f9ff8684d2498269202fd7753ee, type: 3}
      propertyPath: m_Materials.Array.data[2]
      value: 
      objectReference: {fileID: 2100000, guid: dfe499413b9e65e409dcfaa1013609fb, type: 2}
    - target: {fileID: 3488199855649706772, guid: f0075f9ff8684d2498269202fd7753ee, type: 3}
      propertyPath: m_Materials.Array.data[2]
      value: 
      objectReference: {fileID: 2100000, guid: dfe499413b9e65e409dcfaa1013609fb, type: 2}
    - target: {fileID: 3488199857058563040, guid: f0075f9ff8684d2498269202fd7753ee, type: 3}
      propertyPath: m_Materials.Array.data[2]
      value: 
      objectReference: {fileID: 2100000, guid: dfe499413b9e65e409dcfaa1013609fb, type: 2}
    - target: {fileID: 4922739365769456320, guid: f0075f9ff8684d2498269202fd7753ee, type: 3}
      propertyPath: m_Layer
      value: 0
      objectReference: {fileID: 0}
    - target: {fileID: 4922739365972777274, guid: f0075f9ff8684d2498269202fd7753ee, type: 3}
      propertyPath: m_Layer
      value: 0
      objectReference: {fileID: 0}
    - target: {fileID: 4922739366702148710, guid: f0075f9ff8684d2498269202fd7753ee, type: 3}
      propertyPath: m_Layer
      value: 0
      objectReference: {fileID: 0}
    - target: {fileID: 4922739367281685815, guid: f0075f9ff8684d2498269202fd7753ee, type: 3}
      propertyPath: m_Layer
      value: 0
      objectReference: {fileID: 0}
    - target: {fileID: 4922786651322822846, guid: f0075f9ff8684d2498269202fd7753ee, type: 3}
      propertyPath: m_Layer
      value: 0
      objectReference: {fileID: 0}
    - target: {fileID: 4922786652446861861, guid: f0075f9ff8684d2498269202fd7753ee, type: 3}
      propertyPath: m_Layer
      value: 0
      objectReference: {fileID: 0}
    - target: {fileID: 4922903464829593785, guid: f0075f9ff8684d2498269202fd7753ee, type: 3}
      propertyPath: m_Layer
      value: 0
      objectReference: {fileID: 0}
    - target: {fileID: 4923255054372115831, guid: f0075f9ff8684d2498269202fd7753ee, type: 3}
      propertyPath: m_Layer
      value: 0
      objectReference: {fileID: 0}
    - target: {fileID: 4923255055512980722, guid: f0075f9ff8684d2498269202fd7753ee, type: 3}
      propertyPath: m_Layer
      value: 0
      objectReference: {fileID: 0}
    m_RemovedComponents: []
  m_SourcePrefab: {fileID: 100100000, guid: f0075f9ff8684d2498269202fd7753ee, type: 3}
--- !u!4 &2501440875347563099 stripped
Transform:
  m_CorrespondingSourceObject: {fileID: 3475603085023661932, guid: f0075f9ff8684d2498269202fd7753ee, type: 3}
  m_PrefabInstance: {fileID: 1336783687159487799}
  m_PrefabAsset: {fileID: 0}
--- !u!1001 &2536690804020591641
PrefabInstance:
  m_ObjectHideFlags: 0
  serializedVersion: 2
  m_Modification:
    m_TransformParent: {fileID: 7238419294301299438}
    m_Modifications:
    - target: {fileID: 3475603085023661932, guid: f0075f9ff8684d2498269202fd7753ee, type: 3}
      propertyPath: m_RootOrder
      value: 6
      objectReference: {fileID: 0}
    - target: {fileID: 3475603085023661932, guid: f0075f9ff8684d2498269202fd7753ee, type: 3}
      propertyPath: m_LocalPosition.x
      value: 24.57
      objectReference: {fileID: 0}
    - target: {fileID: 3475603085023661932, guid: f0075f9ff8684d2498269202fd7753ee, type: 3}
      propertyPath: m_LocalPosition.y
      value: 5.29261
      objectReference: {fileID: 0}
    - target: {fileID: 3475603085023661932, guid: f0075f9ff8684d2498269202fd7753ee, type: 3}
      propertyPath: m_LocalPosition.z
      value: -72.8
      objectReference: {fileID: 0}
    - target: {fileID: 3475603085023661932, guid: f0075f9ff8684d2498269202fd7753ee, type: 3}
      propertyPath: m_LocalRotation.w
      value: 0
      objectReference: {fileID: 0}
    - target: {fileID: 3475603085023661932, guid: f0075f9ff8684d2498269202fd7753ee, type: 3}
      propertyPath: m_LocalRotation.x
      value: -0
      objectReference: {fileID: 0}
    - target: {fileID: 3475603085023661932, guid: f0075f9ff8684d2498269202fd7753ee, type: 3}
      propertyPath: m_LocalRotation.y
      value: 1
      objectReference: {fileID: 0}
    - target: {fileID: 3475603085023661932, guid: f0075f9ff8684d2498269202fd7753ee, type: 3}
      propertyPath: m_LocalRotation.z
      value: -0
      objectReference: {fileID: 0}
    - target: {fileID: 3475603085023661932, guid: f0075f9ff8684d2498269202fd7753ee, type: 3}
      propertyPath: m_LocalEulerAnglesHint.x
      value: 0
      objectReference: {fileID: 0}
    - target: {fileID: 3475603085023661932, guid: f0075f9ff8684d2498269202fd7753ee, type: 3}
      propertyPath: m_LocalEulerAnglesHint.y
      value: 180
      objectReference: {fileID: 0}
    - target: {fileID: 3475603085023661932, guid: f0075f9ff8684d2498269202fd7753ee, type: 3}
      propertyPath: m_LocalEulerAnglesHint.z
      value: 0
      objectReference: {fileID: 0}
    - target: {fileID: 3475603085023661935, guid: f0075f9ff8684d2498269202fd7753ee, type: 3}
      propertyPath: m_Name
      value: Doorway_Balcony_3X1 (6)
      objectReference: {fileID: 0}
    - target: {fileID: 3475603085023661935, guid: f0075f9ff8684d2498269202fd7753ee, type: 3}
      propertyPath: m_Layer
      value: 0
      objectReference: {fileID: 0}
    - target: {fileID: 3475987592801004859, guid: f0075f9ff8684d2498269202fd7753ee, type: 3}
      propertyPath: m_Layer
      value: 0
      objectReference: {fileID: 0}
    - target: {fileID: 3475987593132472685, guid: f0075f9ff8684d2498269202fd7753ee, type: 3}
      propertyPath: m_Layer
      value: 0
      objectReference: {fileID: 0}
    - target: {fileID: 3475987593312057832, guid: f0075f9ff8684d2498269202fd7753ee, type: 3}
      propertyPath: m_Layer
      value: 0
      objectReference: {fileID: 0}
    - target: {fileID: 3475987593858548649, guid: f0075f9ff8684d2498269202fd7753ee, type: 3}
      propertyPath: m_Layer
      value: 0
      objectReference: {fileID: 0}
    - target: {fileID: 3475987594471687335, guid: f0075f9ff8684d2498269202fd7753ee, type: 3}
      propertyPath: m_Layer
      value: 0
      objectReference: {fileID: 0}
    - target: {fileID: 3475987594555669160, guid: f0075f9ff8684d2498269202fd7753ee, type: 3}
      propertyPath: m_Layer
      value: 0
      objectReference: {fileID: 0}
    - target: {fileID: 3476019323294662349, guid: f0075f9ff8684d2498269202fd7753ee, type: 3}
      propertyPath: m_Layer
      value: 0
      objectReference: {fileID: 0}
    - target: {fileID: 3476035933828912471, guid: f0075f9ff8684d2498269202fd7753ee, type: 3}
      propertyPath: m_Layer
      value: 0
      objectReference: {fileID: 0}
    - target: {fileID: 3476119027804997320, guid: f0075f9ff8684d2498269202fd7753ee, type: 3}
      propertyPath: m_Layer
      value: 0
      objectReference: {fileID: 0}
    - target: {fileID: 3476119027868605484, guid: f0075f9ff8684d2498269202fd7753ee, type: 3}
      propertyPath: m_Layer
      value: 0
      objectReference: {fileID: 0}
    - target: {fileID: 3476201571329427642, guid: f0075f9ff8684d2498269202fd7753ee, type: 3}
      propertyPath: m_Layer
      value: 0
      objectReference: {fileID: 0}
    - target: {fileID: 3476201571647389916, guid: f0075f9ff8684d2498269202fd7753ee, type: 3}
      propertyPath: m_Layer
      value: 0
      objectReference: {fileID: 0}
    - target: {fileID: 3476201571678980403, guid: f0075f9ff8684d2498269202fd7753ee, type: 3}
      propertyPath: m_Layer
      value: 0
      objectReference: {fileID: 0}
    - target: {fileID: 3476201571754157407, guid: f0075f9ff8684d2498269202fd7753ee, type: 3}
      propertyPath: m_Layer
      value: 0
      objectReference: {fileID: 0}
    - target: {fileID: 3476231171211468877, guid: f0075f9ff8684d2498269202fd7753ee, type: 3}
      propertyPath: m_Layer
      value: 0
      objectReference: {fileID: 0}
    - target: {fileID: 3476231172572846131, guid: f0075f9ff8684d2498269202fd7753ee, type: 3}
      propertyPath: m_Layer
      value: 0
      objectReference: {fileID: 0}
    - target: {fileID: 3476348187211176924, guid: f0075f9ff8684d2498269202fd7753ee, type: 3}
      propertyPath: m_Layer
      value: 0
      objectReference: {fileID: 0}
    - target: {fileID: 3476448071802004960, guid: f0075f9ff8684d2498269202fd7753ee, type: 3}
      propertyPath: m_Layer
      value: 0
      objectReference: {fileID: 0}
    - target: {fileID: 3476448072192739680, guid: f0075f9ff8684d2498269202fd7753ee, type: 3}
      propertyPath: m_Layer
      value: 0
      objectReference: {fileID: 0}
    - target: {fileID: 3476448072404514068, guid: f0075f9ff8684d2498269202fd7753ee, type: 3}
      propertyPath: m_Layer
      value: 0
      objectReference: {fileID: 0}
    - target: {fileID: 3476588480605783699, guid: f0075f9ff8684d2498269202fd7753ee, type: 3}
      propertyPath: m_Layer
      value: 0
      objectReference: {fileID: 0}
    - target: {fileID: 3476588480887915625, guid: f0075f9ff8684d2498269202fd7753ee, type: 3}
      propertyPath: m_Layer
      value: 0
      objectReference: {fileID: 0}
    - target: {fileID: 3488199855312023392, guid: f0075f9ff8684d2498269202fd7753ee, type: 3}
      propertyPath: m_Materials.Array.data[2]
      value: 
      objectReference: {fileID: 2100000, guid: dfe499413b9e65e409dcfaa1013609fb, type: 2}
    - target: {fileID: 3488199855649706772, guid: f0075f9ff8684d2498269202fd7753ee, type: 3}
      propertyPath: m_Materials.Array.data[2]
      value: 
      objectReference: {fileID: 2100000, guid: dfe499413b9e65e409dcfaa1013609fb, type: 2}
    - target: {fileID: 3488199857058563040, guid: f0075f9ff8684d2498269202fd7753ee, type: 3}
      propertyPath: m_Materials.Array.data[2]
      value: 
      objectReference: {fileID: 2100000, guid: dfe499413b9e65e409dcfaa1013609fb, type: 2}
    - target: {fileID: 4922739365769456320, guid: f0075f9ff8684d2498269202fd7753ee, type: 3}
      propertyPath: m_Layer
      value: 0
      objectReference: {fileID: 0}
    - target: {fileID: 4922739365972777274, guid: f0075f9ff8684d2498269202fd7753ee, type: 3}
      propertyPath: m_Layer
      value: 0
      objectReference: {fileID: 0}
    - target: {fileID: 4922739366702148710, guid: f0075f9ff8684d2498269202fd7753ee, type: 3}
      propertyPath: m_Layer
      value: 0
      objectReference: {fileID: 0}
    - target: {fileID: 4922739367281685815, guid: f0075f9ff8684d2498269202fd7753ee, type: 3}
      propertyPath: m_Layer
      value: 0
      objectReference: {fileID: 0}
    - target: {fileID: 4922786651322822846, guid: f0075f9ff8684d2498269202fd7753ee, type: 3}
      propertyPath: m_Layer
      value: 0
      objectReference: {fileID: 0}
    - target: {fileID: 4922786652446861861, guid: f0075f9ff8684d2498269202fd7753ee, type: 3}
      propertyPath: m_Layer
      value: 0
      objectReference: {fileID: 0}
    - target: {fileID: 4922903464829593785, guid: f0075f9ff8684d2498269202fd7753ee, type: 3}
      propertyPath: m_Layer
      value: 0
      objectReference: {fileID: 0}
    - target: {fileID: 4923255054372115831, guid: f0075f9ff8684d2498269202fd7753ee, type: 3}
      propertyPath: m_Layer
      value: 0
      objectReference: {fileID: 0}
    - target: {fileID: 4923255055512980722, guid: f0075f9ff8684d2498269202fd7753ee, type: 3}
      propertyPath: m_Layer
      value: 0
      objectReference: {fileID: 0}
    m_RemovedComponents: []
  m_SourcePrefab: {fileID: 100100000, guid: f0075f9ff8684d2498269202fd7753ee, type: 3}
--- !u!4 &1373580637653693301 stripped
Transform:
  m_CorrespondingSourceObject: {fileID: 3475603085023661932, guid: f0075f9ff8684d2498269202fd7753ee, type: 3}
  m_PrefabInstance: {fileID: 2536690804020591641}
  m_PrefabAsset: {fileID: 0}
--- !u!1001 &6053854448080957083
PrefabInstance:
  m_ObjectHideFlags: 0
  serializedVersion: 2
  m_Modification:
    m_TransformParent: {fileID: 7238419294301299438}
    m_Modifications:
    - target: {fileID: 3475603085023661932, guid: f0075f9ff8684d2498269202fd7753ee, type: 3}
      propertyPath: m_RootOrder
      value: 2
      objectReference: {fileID: 0}
    - target: {fileID: 3475603085023661932, guid: f0075f9ff8684d2498269202fd7753ee, type: 3}
      propertyPath: m_LocalPosition.x
      value: 18.61
      objectReference: {fileID: 0}
    - target: {fileID: 3475603085023661932, guid: f0075f9ff8684d2498269202fd7753ee, type: 3}
      propertyPath: m_LocalPosition.y
      value: 5.29261
      objectReference: {fileID: 0}
    - target: {fileID: 3475603085023661932, guid: f0075f9ff8684d2498269202fd7753ee, type: 3}
      propertyPath: m_LocalPosition.z
      value: -63.83
      objectReference: {fileID: 0}
    - target: {fileID: 3475603085023661932, guid: f0075f9ff8684d2498269202fd7753ee, type: 3}
      propertyPath: m_LocalRotation.w
      value: 1
      objectReference: {fileID: 0}
    - target: {fileID: 3475603085023661932, guid: f0075f9ff8684d2498269202fd7753ee, type: 3}
      propertyPath: m_LocalRotation.x
      value: -0
      objectReference: {fileID: 0}
    - target: {fileID: 3475603085023661932, guid: f0075f9ff8684d2498269202fd7753ee, type: 3}
      propertyPath: m_LocalRotation.y
      value: -0
      objectReference: {fileID: 0}
    - target: {fileID: 3475603085023661932, guid: f0075f9ff8684d2498269202fd7753ee, type: 3}
      propertyPath: m_LocalRotation.z
      value: -0
      objectReference: {fileID: 0}
    - target: {fileID: 3475603085023661932, guid: f0075f9ff8684d2498269202fd7753ee, type: 3}
      propertyPath: m_LocalEulerAnglesHint.x
      value: 0
      objectReference: {fileID: 0}
    - target: {fileID: 3475603085023661932, guid: f0075f9ff8684d2498269202fd7753ee, type: 3}
      propertyPath: m_LocalEulerAnglesHint.y
      value: 0
      objectReference: {fileID: 0}
    - target: {fileID: 3475603085023661932, guid: f0075f9ff8684d2498269202fd7753ee, type: 3}
      propertyPath: m_LocalEulerAnglesHint.z
      value: 0
      objectReference: {fileID: 0}
    - target: {fileID: 3475603085023661935, guid: f0075f9ff8684d2498269202fd7753ee, type: 3}
      propertyPath: m_Name
      value: Doorway_Balcony_3X1 (2)
      objectReference: {fileID: 0}
    - target: {fileID: 3475603085023661935, guid: f0075f9ff8684d2498269202fd7753ee, type: 3}
      propertyPath: m_Layer
      value: 0
      objectReference: {fileID: 0}
    - target: {fileID: 3475987592801004859, guid: f0075f9ff8684d2498269202fd7753ee, type: 3}
      propertyPath: m_Layer
      value: 0
      objectReference: {fileID: 0}
    - target: {fileID: 3475987593132472685, guid: f0075f9ff8684d2498269202fd7753ee, type: 3}
      propertyPath: m_Layer
      value: 0
      objectReference: {fileID: 0}
    - target: {fileID: 3475987593312057832, guid: f0075f9ff8684d2498269202fd7753ee, type: 3}
      propertyPath: m_Layer
      value: 0
      objectReference: {fileID: 0}
    - target: {fileID: 3475987593858548649, guid: f0075f9ff8684d2498269202fd7753ee, type: 3}
      propertyPath: m_Layer
      value: 0
      objectReference: {fileID: 0}
    - target: {fileID: 3475987594471687335, guid: f0075f9ff8684d2498269202fd7753ee, type: 3}
      propertyPath: m_Layer
      value: 0
      objectReference: {fileID: 0}
    - target: {fileID: 3475987594555669160, guid: f0075f9ff8684d2498269202fd7753ee, type: 3}
      propertyPath: m_Layer
      value: 0
      objectReference: {fileID: 0}
    - target: {fileID: 3476019323294662349, guid: f0075f9ff8684d2498269202fd7753ee, type: 3}
      propertyPath: m_Layer
      value: 0
      objectReference: {fileID: 0}
    - target: {fileID: 3476035933828912471, guid: f0075f9ff8684d2498269202fd7753ee, type: 3}
      propertyPath: m_Layer
      value: 0
      objectReference: {fileID: 0}
    - target: {fileID: 3476119027804997320, guid: f0075f9ff8684d2498269202fd7753ee, type: 3}
      propertyPath: m_Layer
      value: 0
      objectReference: {fileID: 0}
    - target: {fileID: 3476119027868605484, guid: f0075f9ff8684d2498269202fd7753ee, type: 3}
      propertyPath: m_Layer
      value: 0
      objectReference: {fileID: 0}
    - target: {fileID: 3476201571329427642, guid: f0075f9ff8684d2498269202fd7753ee, type: 3}
      propertyPath: m_Layer
      value: 0
      objectReference: {fileID: 0}
    - target: {fileID: 3476201571647389916, guid: f0075f9ff8684d2498269202fd7753ee, type: 3}
      propertyPath: m_Layer
      value: 0
      objectReference: {fileID: 0}
    - target: {fileID: 3476201571678980403, guid: f0075f9ff8684d2498269202fd7753ee, type: 3}
      propertyPath: m_Layer
      value: 0
      objectReference: {fileID: 0}
    - target: {fileID: 3476201571754157407, guid: f0075f9ff8684d2498269202fd7753ee, type: 3}
      propertyPath: m_Layer
      value: 0
      objectReference: {fileID: 0}
    - target: {fileID: 3476231171211468877, guid: f0075f9ff8684d2498269202fd7753ee, type: 3}
      propertyPath: m_Layer
      value: 0
      objectReference: {fileID: 0}
    - target: {fileID: 3476231172572846131, guid: f0075f9ff8684d2498269202fd7753ee, type: 3}
      propertyPath: m_Layer
      value: 0
      objectReference: {fileID: 0}
    - target: {fileID: 3476348187211176924, guid: f0075f9ff8684d2498269202fd7753ee, type: 3}
      propertyPath: m_Layer
      value: 0
      objectReference: {fileID: 0}
    - target: {fileID: 3476448071802004960, guid: f0075f9ff8684d2498269202fd7753ee, type: 3}
      propertyPath: m_Layer
      value: 0
      objectReference: {fileID: 0}
    - target: {fileID: 3476448072192739680, guid: f0075f9ff8684d2498269202fd7753ee, type: 3}
      propertyPath: m_Layer
      value: 0
      objectReference: {fileID: 0}
    - target: {fileID: 3476448072404514068, guid: f0075f9ff8684d2498269202fd7753ee, type: 3}
      propertyPath: m_Layer
      value: 0
      objectReference: {fileID: 0}
    - target: {fileID: 3476588480605783699, guid: f0075f9ff8684d2498269202fd7753ee, type: 3}
      propertyPath: m_Layer
      value: 0
      objectReference: {fileID: 0}
    - target: {fileID: 3476588480887915625, guid: f0075f9ff8684d2498269202fd7753ee, type: 3}
      propertyPath: m_Layer
      value: 0
      objectReference: {fileID: 0}
    - target: {fileID: 3488199855312023392, guid: f0075f9ff8684d2498269202fd7753ee, type: 3}
      propertyPath: m_Materials.Array.data[2]
      value: 
      objectReference: {fileID: 2100000, guid: dfe499413b9e65e409dcfaa1013609fb, type: 2}
    - target: {fileID: 3488199855649706772, guid: f0075f9ff8684d2498269202fd7753ee, type: 3}
      propertyPath: m_Materials.Array.data[2]
      value: 
      objectReference: {fileID: 2100000, guid: dfe499413b9e65e409dcfaa1013609fb, type: 2}
    - target: {fileID: 3488199857058563040, guid: f0075f9ff8684d2498269202fd7753ee, type: 3}
      propertyPath: m_Materials.Array.data[2]
      value: 
      objectReference: {fileID: 2100000, guid: dfe499413b9e65e409dcfaa1013609fb, type: 2}
    - target: {fileID: 4922739365769456320, guid: f0075f9ff8684d2498269202fd7753ee, type: 3}
      propertyPath: m_Layer
      value: 0
      objectReference: {fileID: 0}
    - target: {fileID: 4922739365972777274, guid: f0075f9ff8684d2498269202fd7753ee, type: 3}
      propertyPath: m_Layer
      value: 0
      objectReference: {fileID: 0}
    - target: {fileID: 4922739366702148710, guid: f0075f9ff8684d2498269202fd7753ee, type: 3}
      propertyPath: m_Layer
      value: 0
      objectReference: {fileID: 0}
    - target: {fileID: 4922739367281685815, guid: f0075f9ff8684d2498269202fd7753ee, type: 3}
      propertyPath: m_Layer
      value: 0
      objectReference: {fileID: 0}
    - target: {fileID: 4922786651322822846, guid: f0075f9ff8684d2498269202fd7753ee, type: 3}
      propertyPath: m_Layer
      value: 0
      objectReference: {fileID: 0}
    - target: {fileID: 4922786652446861861, guid: f0075f9ff8684d2498269202fd7753ee, type: 3}
      propertyPath: m_Layer
      value: 0
      objectReference: {fileID: 0}
    - target: {fileID: 4922903464829593785, guid: f0075f9ff8684d2498269202fd7753ee, type: 3}
      propertyPath: m_Layer
      value: 0
      objectReference: {fileID: 0}
    - target: {fileID: 4923255054372115831, guid: f0075f9ff8684d2498269202fd7753ee, type: 3}
      propertyPath: m_Layer
      value: 0
      objectReference: {fileID: 0}
    - target: {fileID: 4923255055512980722, guid: f0075f9ff8684d2498269202fd7753ee, type: 3}
      propertyPath: m_Layer
      value: 0
      objectReference: {fileID: 0}
    m_RemovedComponents: []
  m_SourcePrefab: {fileID: 100100000, guid: f0075f9ff8684d2498269202fd7753ee, type: 3}
--- !u!4 &7221607888494453239 stripped
Transform:
  m_CorrespondingSourceObject: {fileID: 3475603085023661932, guid: f0075f9ff8684d2498269202fd7753ee, type: 3}
  m_PrefabInstance: {fileID: 6053854448080957083}
  m_PrefabAsset: {fileID: 0}
--- !u!1001 &7238419294184321827
PrefabInstance:
  m_ObjectHideFlags: 0
  serializedVersion: 2
  m_Modification:
    m_TransformParent: {fileID: 7238419294301299438}
    m_Modifications:
    - target: {fileID: 3475603085023661932, guid: f0075f9ff8684d2498269202fd7753ee, type: 3}
      propertyPath: m_RootOrder
      value: 1
      objectReference: {fileID: 0}
    - target: {fileID: 3475603085023661932, guid: f0075f9ff8684d2498269202fd7753ee, type: 3}
      propertyPath: m_LocalPosition.x
      value: 24.57
      objectReference: {fileID: 0}
    - target: {fileID: 3475603085023661932, guid: f0075f9ff8684d2498269202fd7753ee, type: 3}
      propertyPath: m_LocalPosition.y
      value: 5.29261
      objectReference: {fileID: 0}
    - target: {fileID: 3475603085023661932, guid: f0075f9ff8684d2498269202fd7753ee, type: 3}
      propertyPath: m_LocalPosition.z
      value: -66.98
      objectReference: {fileID: 0}
    - target: {fileID: 3475603085023661932, guid: f0075f9ff8684d2498269202fd7753ee, type: 3}
      propertyPath: m_LocalRotation.w
      value: 0
      objectReference: {fileID: 0}
    - target: {fileID: 3475603085023661932, guid: f0075f9ff8684d2498269202fd7753ee, type: 3}
      propertyPath: m_LocalRotation.x
      value: -0
      objectReference: {fileID: 0}
    - target: {fileID: 3475603085023661932, guid: f0075f9ff8684d2498269202fd7753ee, type: 3}
      propertyPath: m_LocalRotation.y
      value: 1
      objectReference: {fileID: 0}
    - target: {fileID: 3475603085023661932, guid: f0075f9ff8684d2498269202fd7753ee, type: 3}
      propertyPath: m_LocalRotation.z
      value: -0
      objectReference: {fileID: 0}
    - target: {fileID: 3475603085023661932, guid: f0075f9ff8684d2498269202fd7753ee, type: 3}
      propertyPath: m_LocalEulerAnglesHint.x
      value: 0
      objectReference: {fileID: 0}
    - target: {fileID: 3475603085023661932, guid: f0075f9ff8684d2498269202fd7753ee, type: 3}
      propertyPath: m_LocalEulerAnglesHint.y
      value: 180
      objectReference: {fileID: 0}
    - target: {fileID: 3475603085023661932, guid: f0075f9ff8684d2498269202fd7753ee, type: 3}
      propertyPath: m_LocalEulerAnglesHint.z
      value: 0
      objectReference: {fileID: 0}
    - target: {fileID: 3475603085023661935, guid: f0075f9ff8684d2498269202fd7753ee, type: 3}
      propertyPath: m_Name
      value: Doorway_Balcony_3X1 (1)
      objectReference: {fileID: 0}
    - target: {fileID: 3475603085023661935, guid: f0075f9ff8684d2498269202fd7753ee, type: 3}
      propertyPath: m_Layer
      value: 0
      objectReference: {fileID: 0}
    - target: {fileID: 3475987592801004859, guid: f0075f9ff8684d2498269202fd7753ee, type: 3}
      propertyPath: m_Layer
      value: 0
      objectReference: {fileID: 0}
    - target: {fileID: 3475987593132472685, guid: f0075f9ff8684d2498269202fd7753ee, type: 3}
      propertyPath: m_Layer
      value: 0
      objectReference: {fileID: 0}
    - target: {fileID: 3475987593312057832, guid: f0075f9ff8684d2498269202fd7753ee, type: 3}
      propertyPath: m_Layer
      value: 0
      objectReference: {fileID: 0}
    - target: {fileID: 3475987593858548649, guid: f0075f9ff8684d2498269202fd7753ee, type: 3}
      propertyPath: m_Layer
      value: 0
      objectReference: {fileID: 0}
    - target: {fileID: 3475987594471687335, guid: f0075f9ff8684d2498269202fd7753ee, type: 3}
      propertyPath: m_Layer
      value: 0
      objectReference: {fileID: 0}
    - target: {fileID: 3475987594555669160, guid: f0075f9ff8684d2498269202fd7753ee, type: 3}
      propertyPath: m_Layer
      value: 0
      objectReference: {fileID: 0}
    - target: {fileID: 3476019323294662349, guid: f0075f9ff8684d2498269202fd7753ee, type: 3}
      propertyPath: m_Layer
      value: 0
      objectReference: {fileID: 0}
    - target: {fileID: 3476035933828912471, guid: f0075f9ff8684d2498269202fd7753ee, type: 3}
      propertyPath: m_Layer
      value: 0
      objectReference: {fileID: 0}
    - target: {fileID: 3476119027804997320, guid: f0075f9ff8684d2498269202fd7753ee, type: 3}
      propertyPath: m_Layer
      value: 0
      objectReference: {fileID: 0}
    - target: {fileID: 3476119027868605484, guid: f0075f9ff8684d2498269202fd7753ee, type: 3}
      propertyPath: m_Layer
      value: 0
      objectReference: {fileID: 0}
    - target: {fileID: 3476201571329427642, guid: f0075f9ff8684d2498269202fd7753ee, type: 3}
      propertyPath: m_Layer
      value: 0
      objectReference: {fileID: 0}
    - target: {fileID: 3476201571647389916, guid: f0075f9ff8684d2498269202fd7753ee, type: 3}
      propertyPath: m_Layer
      value: 0
      objectReference: {fileID: 0}
    - target: {fileID: 3476201571678980403, guid: f0075f9ff8684d2498269202fd7753ee, type: 3}
      propertyPath: m_Layer
      value: 0
      objectReference: {fileID: 0}
    - target: {fileID: 3476201571754157407, guid: f0075f9ff8684d2498269202fd7753ee, type: 3}
      propertyPath: m_Layer
      value: 0
      objectReference: {fileID: 0}
    - target: {fileID: 3476231171211468877, guid: f0075f9ff8684d2498269202fd7753ee, type: 3}
      propertyPath: m_Layer
      value: 0
      objectReference: {fileID: 0}
    - target: {fileID: 3476231172572846131, guid: f0075f9ff8684d2498269202fd7753ee, type: 3}
      propertyPath: m_Layer
      value: 0
      objectReference: {fileID: 0}
    - target: {fileID: 3476348187211176924, guid: f0075f9ff8684d2498269202fd7753ee, type: 3}
      propertyPath: m_Layer
      value: 0
      objectReference: {fileID: 0}
    - target: {fileID: 3476448071802004960, guid: f0075f9ff8684d2498269202fd7753ee, type: 3}
      propertyPath: m_Layer
      value: 0
      objectReference: {fileID: 0}
    - target: {fileID: 3476448072192739680, guid: f0075f9ff8684d2498269202fd7753ee, type: 3}
      propertyPath: m_Layer
      value: 0
      objectReference: {fileID: 0}
    - target: {fileID: 3476448072404514068, guid: f0075f9ff8684d2498269202fd7753ee, type: 3}
      propertyPath: m_Layer
      value: 0
      objectReference: {fileID: 0}
    - target: {fileID: 3476588480605783699, guid: f0075f9ff8684d2498269202fd7753ee, type: 3}
      propertyPath: m_Layer
      value: 0
      objectReference: {fileID: 0}
    - target: {fileID: 3476588480887915625, guid: f0075f9ff8684d2498269202fd7753ee, type: 3}
      propertyPath: m_Layer
      value: 0
      objectReference: {fileID: 0}
    - target: {fileID: 3488199855312023392, guid: f0075f9ff8684d2498269202fd7753ee, type: 3}
      propertyPath: m_Materials.Array.data[2]
      value: 
      objectReference: {fileID: 2100000, guid: dfe499413b9e65e409dcfaa1013609fb, type: 2}
    - target: {fileID: 3488199855649706772, guid: f0075f9ff8684d2498269202fd7753ee, type: 3}
      propertyPath: m_Materials.Array.data[2]
      value: 
      objectReference: {fileID: 2100000, guid: dfe499413b9e65e409dcfaa1013609fb, type: 2}
    - target: {fileID: 3488199857058563040, guid: f0075f9ff8684d2498269202fd7753ee, type: 3}
      propertyPath: m_Materials.Array.data[2]
      value: 
      objectReference: {fileID: 2100000, guid: dfe499413b9e65e409dcfaa1013609fb, type: 2}
    - target: {fileID: 4922739365769456320, guid: f0075f9ff8684d2498269202fd7753ee, type: 3}
      propertyPath: m_Layer
      value: 0
      objectReference: {fileID: 0}
    - target: {fileID: 4922739365972777274, guid: f0075f9ff8684d2498269202fd7753ee, type: 3}
      propertyPath: m_Layer
      value: 0
      objectReference: {fileID: 0}
    - target: {fileID: 4922739366702148710, guid: f0075f9ff8684d2498269202fd7753ee, type: 3}
      propertyPath: m_Layer
      value: 0
      objectReference: {fileID: 0}
    - target: {fileID: 4922739367281685815, guid: f0075f9ff8684d2498269202fd7753ee, type: 3}
      propertyPath: m_Layer
      value: 0
      objectReference: {fileID: 0}
    - target: {fileID: 4922786651322822846, guid: f0075f9ff8684d2498269202fd7753ee, type: 3}
      propertyPath: m_Layer
      value: 0
      objectReference: {fileID: 0}
    - target: {fileID: 4922786652446861861, guid: f0075f9ff8684d2498269202fd7753ee, type: 3}
      propertyPath: m_Layer
      value: 0
      objectReference: {fileID: 0}
    - target: {fileID: 4922903464829593785, guid: f0075f9ff8684d2498269202fd7753ee, type: 3}
      propertyPath: m_Layer
      value: 0
      objectReference: {fileID: 0}
    - target: {fileID: 4923255054372115831, guid: f0075f9ff8684d2498269202fd7753ee, type: 3}
      propertyPath: m_Layer
      value: 0
      objectReference: {fileID: 0}
    - target: {fileID: 4923255055512980722, guid: f0075f9ff8684d2498269202fd7753ee, type: 3}
      propertyPath: m_Layer
      value: 0
      objectReference: {fileID: 0}
    m_RemovedComponents: []
  m_SourcePrefab: {fileID: 100100000, guid: f0075f9ff8684d2498269202fd7753ee, type: 3}
--- !u!4 &6075309065303948367 stripped
Transform:
  m_CorrespondingSourceObject: {fileID: 3475603085023661932, guid: f0075f9ff8684d2498269202fd7753ee, type: 3}
  m_PrefabInstance: {fileID: 7238419294184321827}
  m_PrefabAsset: {fileID: 0}
--- !u!1001 &7238419294451006699
PrefabInstance:
  m_ObjectHideFlags: 0
  serializedVersion: 2
  m_Modification:
    m_TransformParent: {fileID: 7238419294301299438}
    m_Modifications:
    - target: {fileID: 3475603085023661932, guid: f0075f9ff8684d2498269202fd7753ee, type: 3}
      propertyPath: m_RootOrder
      value: 0
      objectReference: {fileID: 0}
    - target: {fileID: 3475603085023661932, guid: f0075f9ff8684d2498269202fd7753ee, type: 3}
      propertyPath: m_LocalPosition.x
      value: 18.61
      objectReference: {fileID: 0}
    - target: {fileID: 3475603085023661932, guid: f0075f9ff8684d2498269202fd7753ee, type: 3}
      propertyPath: m_LocalPosition.y
      value: 5.29261
      objectReference: {fileID: 0}
    - target: {fileID: 3475603085023661932, guid: f0075f9ff8684d2498269202fd7753ee, type: 3}
      propertyPath: m_LocalPosition.z
      value: -66.81
      objectReference: {fileID: 0}
    - target: {fileID: 3475603085023661932, guid: f0075f9ff8684d2498269202fd7753ee, type: 3}
      propertyPath: m_LocalRotation.w
      value: 1
      objectReference: {fileID: 0}
    - target: {fileID: 3475603085023661932, guid: f0075f9ff8684d2498269202fd7753ee, type: 3}
      propertyPath: m_LocalRotation.x
      value: -0
      objectReference: {fileID: 0}
    - target: {fileID: 3475603085023661932, guid: f0075f9ff8684d2498269202fd7753ee, type: 3}
      propertyPath: m_LocalRotation.y
      value: -0
      objectReference: {fileID: 0}
    - target: {fileID: 3475603085023661932, guid: f0075f9ff8684d2498269202fd7753ee, type: 3}
      propertyPath: m_LocalRotation.z
      value: -0
      objectReference: {fileID: 0}
    - target: {fileID: 3475603085023661932, guid: f0075f9ff8684d2498269202fd7753ee, type: 3}
      propertyPath: m_LocalEulerAnglesHint.x
      value: 0
      objectReference: {fileID: 0}
    - target: {fileID: 3475603085023661932, guid: f0075f9ff8684d2498269202fd7753ee, type: 3}
      propertyPath: m_LocalEulerAnglesHint.y
      value: 0
      objectReference: {fileID: 0}
    - target: {fileID: 3475603085023661932, guid: f0075f9ff8684d2498269202fd7753ee, type: 3}
      propertyPath: m_LocalEulerAnglesHint.z
      value: 0
      objectReference: {fileID: 0}
    - target: {fileID: 3475603085023661935, guid: f0075f9ff8684d2498269202fd7753ee, type: 3}
      propertyPath: m_Name
      value: Doorway_Balcony_3X1
      objectReference: {fileID: 0}
    - target: {fileID: 3475603085023661935, guid: f0075f9ff8684d2498269202fd7753ee, type: 3}
      propertyPath: m_Layer
      value: 0
      objectReference: {fileID: 0}
    - target: {fileID: 3475987592801004859, guid: f0075f9ff8684d2498269202fd7753ee, type: 3}
      propertyPath: m_Layer
      value: 0
      objectReference: {fileID: 0}
    - target: {fileID: 3475987593132472685, guid: f0075f9ff8684d2498269202fd7753ee, type: 3}
      propertyPath: m_Layer
      value: 0
      objectReference: {fileID: 0}
    - target: {fileID: 3475987593312057832, guid: f0075f9ff8684d2498269202fd7753ee, type: 3}
      propertyPath: m_Layer
      value: 0
      objectReference: {fileID: 0}
    - target: {fileID: 3475987593858548649, guid: f0075f9ff8684d2498269202fd7753ee, type: 3}
      propertyPath: m_Layer
      value: 0
      objectReference: {fileID: 0}
    - target: {fileID: 3475987594471687335, guid: f0075f9ff8684d2498269202fd7753ee, type: 3}
      propertyPath: m_Layer
      value: 0
      objectReference: {fileID: 0}
    - target: {fileID: 3475987594555669160, guid: f0075f9ff8684d2498269202fd7753ee, type: 3}
      propertyPath: m_Layer
      value: 0
      objectReference: {fileID: 0}
    - target: {fileID: 3476019323294662349, guid: f0075f9ff8684d2498269202fd7753ee, type: 3}
      propertyPath: m_Layer
      value: 0
      objectReference: {fileID: 0}
    - target: {fileID: 3476035933828912471, guid: f0075f9ff8684d2498269202fd7753ee, type: 3}
      propertyPath: m_Layer
      value: 0
      objectReference: {fileID: 0}
    - target: {fileID: 3476119027804997320, guid: f0075f9ff8684d2498269202fd7753ee, type: 3}
      propertyPath: m_Layer
      value: 0
      objectReference: {fileID: 0}
    - target: {fileID: 3476119027868605484, guid: f0075f9ff8684d2498269202fd7753ee, type: 3}
      propertyPath: m_Layer
      value: 0
      objectReference: {fileID: 0}
    - target: {fileID: 3476201571329427642, guid: f0075f9ff8684d2498269202fd7753ee, type: 3}
      propertyPath: m_Layer
      value: 0
      objectReference: {fileID: 0}
    - target: {fileID: 3476201571647389916, guid: f0075f9ff8684d2498269202fd7753ee, type: 3}
      propertyPath: m_Layer
      value: 0
      objectReference: {fileID: 0}
    - target: {fileID: 3476201571678980403, guid: f0075f9ff8684d2498269202fd7753ee, type: 3}
      propertyPath: m_Layer
      value: 0
      objectReference: {fileID: 0}
    - target: {fileID: 3476201571754157407, guid: f0075f9ff8684d2498269202fd7753ee, type: 3}
      propertyPath: m_Layer
      value: 0
      objectReference: {fileID: 0}
    - target: {fileID: 3476231171211468877, guid: f0075f9ff8684d2498269202fd7753ee, type: 3}
      propertyPath: m_Layer
      value: 0
      objectReference: {fileID: 0}
    - target: {fileID: 3476231172572846131, guid: f0075f9ff8684d2498269202fd7753ee, type: 3}
      propertyPath: m_Layer
      value: 0
      objectReference: {fileID: 0}
    - target: {fileID: 3476348187211176924, guid: f0075f9ff8684d2498269202fd7753ee, type: 3}
      propertyPath: m_Layer
      value: 0
      objectReference: {fileID: 0}
    - target: {fileID: 3476448071802004960, guid: f0075f9ff8684d2498269202fd7753ee, type: 3}
      propertyPath: m_Layer
      value: 0
      objectReference: {fileID: 0}
    - target: {fileID: 3476448072192739680, guid: f0075f9ff8684d2498269202fd7753ee, type: 3}
      propertyPath: m_Layer
      value: 0
      objectReference: {fileID: 0}
    - target: {fileID: 3476448072404514068, guid: f0075f9ff8684d2498269202fd7753ee, type: 3}
      propertyPath: m_Layer
      value: 0
      objectReference: {fileID: 0}
    - target: {fileID: 3476588480605783699, guid: f0075f9ff8684d2498269202fd7753ee, type: 3}
      propertyPath: m_Layer
      value: 0
      objectReference: {fileID: 0}
    - target: {fileID: 3476588480887915625, guid: f0075f9ff8684d2498269202fd7753ee, type: 3}
      propertyPath: m_Layer
      value: 0
      objectReference: {fileID: 0}
    - target: {fileID: 3488199855312023392, guid: f0075f9ff8684d2498269202fd7753ee, type: 3}
      propertyPath: m_Materials.Array.data[2]
      value: 
      objectReference: {fileID: 2100000, guid: dfe499413b9e65e409dcfaa1013609fb, type: 2}
    - target: {fileID: 3488199855649706772, guid: f0075f9ff8684d2498269202fd7753ee, type: 3}
      propertyPath: m_Materials.Array.data[2]
      value: 
      objectReference: {fileID: 2100000, guid: dfe499413b9e65e409dcfaa1013609fb, type: 2}
    - target: {fileID: 3488199857058563040, guid: f0075f9ff8684d2498269202fd7753ee, type: 3}
      propertyPath: m_Materials.Array.data[2]
      value: 
      objectReference: {fileID: 2100000, guid: dfe499413b9e65e409dcfaa1013609fb, type: 2}
    - target: {fileID: 4922739365769456320, guid: f0075f9ff8684d2498269202fd7753ee, type: 3}
      propertyPath: m_Layer
      value: 0
      objectReference: {fileID: 0}
    - target: {fileID: 4922739365972777274, guid: f0075f9ff8684d2498269202fd7753ee, type: 3}
      propertyPath: m_Layer
      value: 0
      objectReference: {fileID: 0}
    - target: {fileID: 4922739366702148710, guid: f0075f9ff8684d2498269202fd7753ee, type: 3}
      propertyPath: m_Layer
      value: 0
      objectReference: {fileID: 0}
    - target: {fileID: 4922739367281685815, guid: f0075f9ff8684d2498269202fd7753ee, type: 3}
      propertyPath: m_Layer
      value: 0
      objectReference: {fileID: 0}
    - target: {fileID: 4922786651322822846, guid: f0075f9ff8684d2498269202fd7753ee, type: 3}
      propertyPath: m_Layer
      value: 0
      objectReference: {fileID: 0}
    - target: {fileID: 4922786652446861861, guid: f0075f9ff8684d2498269202fd7753ee, type: 3}
      propertyPath: m_Layer
      value: 0
      objectReference: {fileID: 0}
    - target: {fileID: 4922903464829593785, guid: f0075f9ff8684d2498269202fd7753ee, type: 3}
      propertyPath: m_Layer
      value: 0
      objectReference: {fileID: 0}
    - target: {fileID: 4923255054372115831, guid: f0075f9ff8684d2498269202fd7753ee, type: 3}
      propertyPath: m_Layer
      value: 0
      objectReference: {fileID: 0}
    - target: {fileID: 4923255055512980722, guid: f0075f9ff8684d2498269202fd7753ee, type: 3}
      propertyPath: m_Layer
      value: 0
      objectReference: {fileID: 0}
    m_RemovedComponents: []
  m_SourcePrefab: {fileID: 100100000, guid: f0075f9ff8684d2498269202fd7753ee, type: 3}
--- !u!4 &6075309065033200519 stripped
Transform:
  m_CorrespondingSourceObject: {fileID: 3475603085023661932, guid: f0075f9ff8684d2498269202fd7753ee, type: 3}
  m_PrefabInstance: {fileID: 7238419294451006699}
  m_PrefabAsset: {fileID: 0}
--- !u!1001 &8458607789493835449
PrefabInstance:
  m_ObjectHideFlags: 0
  serializedVersion: 2
  m_Modification:
    m_TransformParent: {fileID: 7238419294301299438}
    m_Modifications:
    - target: {fileID: 3475603085023661932, guid: f0075f9ff8684d2498269202fd7753ee, type: 3}
      propertyPath: m_RootOrder
      value: 4
      objectReference: {fileID: 0}
    - target: {fileID: 3475603085023661932, guid: f0075f9ff8684d2498269202fd7753ee, type: 3}
      propertyPath: m_LocalPosition.x
      value: 24.58
      objectReference: {fileID: 0}
    - target: {fileID: 3475603085023661932, guid: f0075f9ff8684d2498269202fd7753ee, type: 3}
      propertyPath: m_LocalPosition.y
      value: 5.29261
      objectReference: {fileID: 0}
    - target: {fileID: 3475603085023661932, guid: f0075f9ff8684d2498269202fd7753ee, type: 3}
      propertyPath: m_LocalPosition.z
      value: -64.01
      objectReference: {fileID: 0}
    - target: {fileID: 3475603085023661932, guid: f0075f9ff8684d2498269202fd7753ee, type: 3}
      propertyPath: m_LocalRotation.w
      value: 0
      objectReference: {fileID: 0}
    - target: {fileID: 3475603085023661932, guid: f0075f9ff8684d2498269202fd7753ee, type: 3}
      propertyPath: m_LocalRotation.x
      value: -0
      objectReference: {fileID: 0}
    - target: {fileID: 3475603085023661932, guid: f0075f9ff8684d2498269202fd7753ee, type: 3}
      propertyPath: m_LocalRotation.y
      value: 1
      objectReference: {fileID: 0}
    - target: {fileID: 3475603085023661932, guid: f0075f9ff8684d2498269202fd7753ee, type: 3}
      propertyPath: m_LocalRotation.z
      value: -0
      objectReference: {fileID: 0}
    - target: {fileID: 3475603085023661932, guid: f0075f9ff8684d2498269202fd7753ee, type: 3}
      propertyPath: m_LocalEulerAnglesHint.x
      value: 0
      objectReference: {fileID: 0}
    - target: {fileID: 3475603085023661932, guid: f0075f9ff8684d2498269202fd7753ee, type: 3}
      propertyPath: m_LocalEulerAnglesHint.y
      value: 180
      objectReference: {fileID: 0}
    - target: {fileID: 3475603085023661932, guid: f0075f9ff8684d2498269202fd7753ee, type: 3}
      propertyPath: m_LocalEulerAnglesHint.z
      value: 0
      objectReference: {fileID: 0}
    - target: {fileID: 3475603085023661935, guid: f0075f9ff8684d2498269202fd7753ee, type: 3}
      propertyPath: m_Name
      value: Doorway_Balcony_3X1 (4)
      objectReference: {fileID: 0}
    - target: {fileID: 3475603085023661935, guid: f0075f9ff8684d2498269202fd7753ee, type: 3}
      propertyPath: m_Layer
      value: 0
      objectReference: {fileID: 0}
    - target: {fileID: 3475987592801004859, guid: f0075f9ff8684d2498269202fd7753ee, type: 3}
      propertyPath: m_Layer
      value: 0
      objectReference: {fileID: 0}
    - target: {fileID: 3475987593132472685, guid: f0075f9ff8684d2498269202fd7753ee, type: 3}
      propertyPath: m_Layer
      value: 0
      objectReference: {fileID: 0}
    - target: {fileID: 3475987593312057832, guid: f0075f9ff8684d2498269202fd7753ee, type: 3}
      propertyPath: m_Layer
      value: 0
      objectReference: {fileID: 0}
    - target: {fileID: 3475987593858548649, guid: f0075f9ff8684d2498269202fd7753ee, type: 3}
      propertyPath: m_Layer
      value: 0
      objectReference: {fileID: 0}
    - target: {fileID: 3475987594471687335, guid: f0075f9ff8684d2498269202fd7753ee, type: 3}
      propertyPath: m_Layer
      value: 0
      objectReference: {fileID: 0}
    - target: {fileID: 3475987594555669160, guid: f0075f9ff8684d2498269202fd7753ee, type: 3}
      propertyPath: m_Layer
      value: 0
      objectReference: {fileID: 0}
    - target: {fileID: 3476019323294662349, guid: f0075f9ff8684d2498269202fd7753ee, type: 3}
      propertyPath: m_Layer
      value: 0
      objectReference: {fileID: 0}
    - target: {fileID: 3476035933828912471, guid: f0075f9ff8684d2498269202fd7753ee, type: 3}
      propertyPath: m_Layer
      value: 0
      objectReference: {fileID: 0}
    - target: {fileID: 3476119027804997320, guid: f0075f9ff8684d2498269202fd7753ee, type: 3}
      propertyPath: m_Layer
      value: 0
      objectReference: {fileID: 0}
    - target: {fileID: 3476119027868605484, guid: f0075f9ff8684d2498269202fd7753ee, type: 3}
      propertyPath: m_Layer
      value: 0
      objectReference: {fileID: 0}
    - target: {fileID: 3476201571329427642, guid: f0075f9ff8684d2498269202fd7753ee, type: 3}
      propertyPath: m_Layer
      value: 0
      objectReference: {fileID: 0}
    - target: {fileID: 3476201571647389916, guid: f0075f9ff8684d2498269202fd7753ee, type: 3}
      propertyPath: m_Layer
      value: 0
      objectReference: {fileID: 0}
    - target: {fileID: 3476201571678980403, guid: f0075f9ff8684d2498269202fd7753ee, type: 3}
      propertyPath: m_Layer
      value: 0
      objectReference: {fileID: 0}
    - target: {fileID: 3476201571754157407, guid: f0075f9ff8684d2498269202fd7753ee, type: 3}
      propertyPath: m_Layer
      value: 0
      objectReference: {fileID: 0}
    - target: {fileID: 3476231171211468877, guid: f0075f9ff8684d2498269202fd7753ee, type: 3}
      propertyPath: m_Layer
      value: 0
      objectReference: {fileID: 0}
    - target: {fileID: 3476231172572846131, guid: f0075f9ff8684d2498269202fd7753ee, type: 3}
      propertyPath: m_Layer
      value: 0
      objectReference: {fileID: 0}
    - target: {fileID: 3476348187211176924, guid: f0075f9ff8684d2498269202fd7753ee, type: 3}
      propertyPath: m_Layer
      value: 0
      objectReference: {fileID: 0}
    - target: {fileID: 3476448071802004960, guid: f0075f9ff8684d2498269202fd7753ee, type: 3}
      propertyPath: m_Layer
      value: 0
      objectReference: {fileID: 0}
    - target: {fileID: 3476448072192739680, guid: f0075f9ff8684d2498269202fd7753ee, type: 3}
      propertyPath: m_Layer
      value: 0
      objectReference: {fileID: 0}
    - target: {fileID: 3476448072404514068, guid: f0075f9ff8684d2498269202fd7753ee, type: 3}
      propertyPath: m_Layer
      value: 0
      objectReference: {fileID: 0}
    - target: {fileID: 3476588480605783699, guid: f0075f9ff8684d2498269202fd7753ee, type: 3}
      propertyPath: m_Layer
      value: 0
      objectReference: {fileID: 0}
    - target: {fileID: 3476588480887915625, guid: f0075f9ff8684d2498269202fd7753ee, type: 3}
      propertyPath: m_Layer
      value: 0
      objectReference: {fileID: 0}
    - target: {fileID: 3488199855312023392, guid: f0075f9ff8684d2498269202fd7753ee, type: 3}
      propertyPath: m_Materials.Array.data[2]
      value: 
      objectReference: {fileID: 2100000, guid: dfe499413b9e65e409dcfaa1013609fb, type: 2}
    - target: {fileID: 3488199855649706772, guid: f0075f9ff8684d2498269202fd7753ee, type: 3}
      propertyPath: m_Materials.Array.data[2]
      value: 
      objectReference: {fileID: 2100000, guid: dfe499413b9e65e409dcfaa1013609fb, type: 2}
    - target: {fileID: 3488199857058563040, guid: f0075f9ff8684d2498269202fd7753ee, type: 3}
      propertyPath: m_Materials.Array.data[2]
      value: 
      objectReference: {fileID: 2100000, guid: dfe499413b9e65e409dcfaa1013609fb, type: 2}
    - target: {fileID: 4922739365769456320, guid: f0075f9ff8684d2498269202fd7753ee, type: 3}
      propertyPath: m_Layer
      value: 0
      objectReference: {fileID: 0}
    - target: {fileID: 4922739365972777274, guid: f0075f9ff8684d2498269202fd7753ee, type: 3}
      propertyPath: m_Layer
      value: 0
      objectReference: {fileID: 0}
    - target: {fileID: 4922739366702148710, guid: f0075f9ff8684d2498269202fd7753ee, type: 3}
      propertyPath: m_Layer
      value: 0
      objectReference: {fileID: 0}
    - target: {fileID: 4922739367281685815, guid: f0075f9ff8684d2498269202fd7753ee, type: 3}
      propertyPath: m_Layer
      value: 0
      objectReference: {fileID: 0}
    - target: {fileID: 4922786651322822846, guid: f0075f9ff8684d2498269202fd7753ee, type: 3}
      propertyPath: m_Layer
      value: 0
      objectReference: {fileID: 0}
    - target: {fileID: 4922786652446861861, guid: f0075f9ff8684d2498269202fd7753ee, type: 3}
      propertyPath: m_Layer
      value: 0
      objectReference: {fileID: 0}
    - target: {fileID: 4922903464829593785, guid: f0075f9ff8684d2498269202fd7753ee, type: 3}
      propertyPath: m_Layer
      value: 0
      objectReference: {fileID: 0}
    - target: {fileID: 4923255054372115831, guid: f0075f9ff8684d2498269202fd7753ee, type: 3}
      propertyPath: m_Layer
      value: 0
      objectReference: {fileID: 0}
    - target: {fileID: 4923255055512980722, guid: f0075f9ff8684d2498269202fd7753ee, type: 3}
      propertyPath: m_Layer
      value: 0
      objectReference: {fileID: 0}
    m_RemovedComponents: []
  m_SourcePrefab: {fileID: 100100000, guid: f0075f9ff8684d2498269202fd7753ee, type: 3}
--- !u!4 &4996972963140442581 stripped
Transform:
  m_CorrespondingSourceObject: {fileID: 3475603085023661932, guid: f0075f9ff8684d2498269202fd7753ee, type: 3}
  m_PrefabInstance: {fileID: 8458607789493835449}
  m_PrefabAsset: {fileID: 0}
--- !u!1001 &8794535169878664734
PrefabInstance:
  m_ObjectHideFlags: 0
  serializedVersion: 2
  m_Modification:
    m_TransformParent: {fileID: 7238419294301299438}
    m_Modifications:
    - target: {fileID: 3475603085023661932, guid: f0075f9ff8684d2498269202fd7753ee, type: 3}
      propertyPath: m_RootOrder
      value: 3
      objectReference: {fileID: 0}
    - target: {fileID: 3475603085023661932, guid: f0075f9ff8684d2498269202fd7753ee, type: 3}
      propertyPath: m_LocalPosition.x
      value: 18.61
      objectReference: {fileID: 0}
    - target: {fileID: 3475603085023661932, guid: f0075f9ff8684d2498269202fd7753ee, type: 3}
      propertyPath: m_LocalPosition.y
      value: 5.29261
      objectReference: {fileID: 0}
    - target: {fileID: 3475603085023661932, guid: f0075f9ff8684d2498269202fd7753ee, type: 3}
      propertyPath: m_LocalPosition.z
      value: -60.88
      objectReference: {fileID: 0}
    - target: {fileID: 3475603085023661932, guid: f0075f9ff8684d2498269202fd7753ee, type: 3}
      propertyPath: m_LocalRotation.w
      value: 1
      objectReference: {fileID: 0}
    - target: {fileID: 3475603085023661932, guid: f0075f9ff8684d2498269202fd7753ee, type: 3}
      propertyPath: m_LocalRotation.x
      value: -0
      objectReference: {fileID: 0}
    - target: {fileID: 3475603085023661932, guid: f0075f9ff8684d2498269202fd7753ee, type: 3}
      propertyPath: m_LocalRotation.y
      value: -0
      objectReference: {fileID: 0}
    - target: {fileID: 3475603085023661932, guid: f0075f9ff8684d2498269202fd7753ee, type: 3}
      propertyPath: m_LocalRotation.z
      value: -0
      objectReference: {fileID: 0}
    - target: {fileID: 3475603085023661932, guid: f0075f9ff8684d2498269202fd7753ee, type: 3}
      propertyPath: m_LocalEulerAnglesHint.x
      value: 0
      objectReference: {fileID: 0}
    - target: {fileID: 3475603085023661932, guid: f0075f9ff8684d2498269202fd7753ee, type: 3}
      propertyPath: m_LocalEulerAnglesHint.y
      value: 0
      objectReference: {fileID: 0}
    - target: {fileID: 3475603085023661932, guid: f0075f9ff8684d2498269202fd7753ee, type: 3}
      propertyPath: m_LocalEulerAnglesHint.z
      value: 0
      objectReference: {fileID: 0}
    - target: {fileID: 3475603085023661935, guid: f0075f9ff8684d2498269202fd7753ee, type: 3}
      propertyPath: m_Name
      value: Doorway_Balcony_3X1 (3)
      objectReference: {fileID: 0}
    - target: {fileID: 3475603085023661935, guid: f0075f9ff8684d2498269202fd7753ee, type: 3}
      propertyPath: m_Layer
      value: 0
      objectReference: {fileID: 0}
    - target: {fileID: 3475987592801004859, guid: f0075f9ff8684d2498269202fd7753ee, type: 3}
      propertyPath: m_Layer
      value: 0
      objectReference: {fileID: 0}
    - target: {fileID: 3475987593132472685, guid: f0075f9ff8684d2498269202fd7753ee, type: 3}
      propertyPath: m_Layer
      value: 0
      objectReference: {fileID: 0}
    - target: {fileID: 3475987593312057832, guid: f0075f9ff8684d2498269202fd7753ee, type: 3}
      propertyPath: m_Layer
      value: 0
      objectReference: {fileID: 0}
    - target: {fileID: 3475987593858548649, guid: f0075f9ff8684d2498269202fd7753ee, type: 3}
      propertyPath: m_Layer
      value: 0
      objectReference: {fileID: 0}
    - target: {fileID: 3475987594471687335, guid: f0075f9ff8684d2498269202fd7753ee, type: 3}
      propertyPath: m_Layer
      value: 0
      objectReference: {fileID: 0}
    - target: {fileID: 3475987594555669160, guid: f0075f9ff8684d2498269202fd7753ee, type: 3}
      propertyPath: m_Layer
      value: 0
      objectReference: {fileID: 0}
    - target: {fileID: 3476019323294662349, guid: f0075f9ff8684d2498269202fd7753ee, type: 3}
      propertyPath: m_Layer
      value: 0
      objectReference: {fileID: 0}
    - target: {fileID: 3476035933828912471, guid: f0075f9ff8684d2498269202fd7753ee, type: 3}
      propertyPath: m_Layer
      value: 0
      objectReference: {fileID: 0}
    - target: {fileID: 3476119027804997320, guid: f0075f9ff8684d2498269202fd7753ee, type: 3}
      propertyPath: m_Layer
      value: 0
      objectReference: {fileID: 0}
    - target: {fileID: 3476119027868605484, guid: f0075f9ff8684d2498269202fd7753ee, type: 3}
      propertyPath: m_Layer
      value: 0
      objectReference: {fileID: 0}
    - target: {fileID: 3476201571329427642, guid: f0075f9ff8684d2498269202fd7753ee, type: 3}
      propertyPath: m_Layer
      value: 0
      objectReference: {fileID: 0}
    - target: {fileID: 3476201571647389916, guid: f0075f9ff8684d2498269202fd7753ee, type: 3}
      propertyPath: m_Layer
      value: 0
      objectReference: {fileID: 0}
    - target: {fileID: 3476201571678980403, guid: f0075f9ff8684d2498269202fd7753ee, type: 3}
      propertyPath: m_Layer
      value: 0
      objectReference: {fileID: 0}
    - target: {fileID: 3476201571754157407, guid: f0075f9ff8684d2498269202fd7753ee, type: 3}
      propertyPath: m_Layer
      value: 0
      objectReference: {fileID: 0}
    - target: {fileID: 3476231171211468877, guid: f0075f9ff8684d2498269202fd7753ee, type: 3}
      propertyPath: m_Layer
      value: 0
      objectReference: {fileID: 0}
    - target: {fileID: 3476231172572846131, guid: f0075f9ff8684d2498269202fd7753ee, type: 3}
      propertyPath: m_Layer
      value: 0
      objectReference: {fileID: 0}
    - target: {fileID: 3476348187211176924, guid: f0075f9ff8684d2498269202fd7753ee, type: 3}
      propertyPath: m_Layer
      value: 0
      objectReference: {fileID: 0}
    - target: {fileID: 3476448071802004960, guid: f0075f9ff8684d2498269202fd7753ee, type: 3}
      propertyPath: m_Layer
      value: 0
      objectReference: {fileID: 0}
    - target: {fileID: 3476448072192739680, guid: f0075f9ff8684d2498269202fd7753ee, type: 3}
      propertyPath: m_Layer
      value: 0
      objectReference: {fileID: 0}
    - target: {fileID: 3476448072404514068, guid: f0075f9ff8684d2498269202fd7753ee, type: 3}
      propertyPath: m_Layer
      value: 0
      objectReference: {fileID: 0}
    - target: {fileID: 3476588480605783699, guid: f0075f9ff8684d2498269202fd7753ee, type: 3}
      propertyPath: m_Layer
      value: 0
      objectReference: {fileID: 0}
    - target: {fileID: 3476588480887915625, guid: f0075f9ff8684d2498269202fd7753ee, type: 3}
      propertyPath: m_Layer
      value: 0
      objectReference: {fileID: 0}
    - target: {fileID: 3488199855312023392, guid: f0075f9ff8684d2498269202fd7753ee, type: 3}
      propertyPath: m_Materials.Array.data[2]
      value: 
      objectReference: {fileID: 2100000, guid: dfe499413b9e65e409dcfaa1013609fb, type: 2}
    - target: {fileID: 3488199855649706772, guid: f0075f9ff8684d2498269202fd7753ee, type: 3}
      propertyPath: m_Materials.Array.data[2]
      value: 
      objectReference: {fileID: 2100000, guid: dfe499413b9e65e409dcfaa1013609fb, type: 2}
    - target: {fileID: 3488199857058563040, guid: f0075f9ff8684d2498269202fd7753ee, type: 3}
      propertyPath: m_Materials.Array.data[2]
      value: 
      objectReference: {fileID: 2100000, guid: dfe499413b9e65e409dcfaa1013609fb, type: 2}
    - target: {fileID: 4922739365769456320, guid: f0075f9ff8684d2498269202fd7753ee, type: 3}
      propertyPath: m_Layer
      value: 0
      objectReference: {fileID: 0}
    - target: {fileID: 4922739365972777274, guid: f0075f9ff8684d2498269202fd7753ee, type: 3}
      propertyPath: m_Layer
      value: 0
      objectReference: {fileID: 0}
    - target: {fileID: 4922739366702148710, guid: f0075f9ff8684d2498269202fd7753ee, type: 3}
      propertyPath: m_Layer
      value: 0
      objectReference: {fileID: 0}
    - target: {fileID: 4922739367281685815, guid: f0075f9ff8684d2498269202fd7753ee, type: 3}
      propertyPath: m_Layer
      value: 0
      objectReference: {fileID: 0}
    - target: {fileID: 4922786651322822846, guid: f0075f9ff8684d2498269202fd7753ee, type: 3}
      propertyPath: m_Layer
      value: 0
      objectReference: {fileID: 0}
    - target: {fileID: 4922786652446861861, guid: f0075f9ff8684d2498269202fd7753ee, type: 3}
      propertyPath: m_Layer
      value: 0
      objectReference: {fileID: 0}
    - target: {fileID: 4922903464829593785, guid: f0075f9ff8684d2498269202fd7753ee, type: 3}
      propertyPath: m_Layer
      value: 0
      objectReference: {fileID: 0}
    - target: {fileID: 4923255054372115831, guid: f0075f9ff8684d2498269202fd7753ee, type: 3}
      propertyPath: m_Layer
      value: 0
      objectReference: {fileID: 0}
    - target: {fileID: 4923255055512980722, guid: f0075f9ff8684d2498269202fd7753ee, type: 3}
      propertyPath: m_Layer
      value: 0
      objectReference: {fileID: 0}
    m_RemovedComponents: []
  m_SourcePrefab: {fileID: 100100000, guid: f0075f9ff8684d2498269202fd7753ee, type: 3}
--- !u!4 &5347925272393574770 stripped
Transform:
  m_CorrespondingSourceObject: {fileID: 3475603085023661932, guid: f0075f9ff8684d2498269202fd7753ee, type: 3}
  m_PrefabInstance: {fileID: 8794535169878664734}
  m_PrefabAsset: {fileID: 0}
