%YAML 1.1
%TAG !u! tag:unity3d.com,2011:
--- !u!65 &4916261860313834843
BoxCollider:
  m_ObjectHideFlags: 0
  m_CorrespondingSourceObject: {fileID: 0}
  m_PrefabInstance: {fileID: 0}
  m_PrefabAsset: {fileID: 0}
  m_GameObject: {fileID: 2504115874039632691}
  m_Material: {fileID: 13400000, guid: a7d886f5fda3492439e25158aede74a5, type: 2}
  m_IsTrigger: 0
  m_Enabled: 1
  serializedVersion: 2
  m_Size: {x: 0.49933863, y: 1, z: 1.0000002}
  m_Center: {x: 0, y: 0.5, z: 0}
--- !u!65 &319712060409154744
BoxCollider:
  m_ObjectHideFlags: 0
  m_CorrespondingSourceObject: {fileID: 0}
  m_PrefabInstance: {fileID: 0}
  m_PrefabAsset: {fileID: 0}
  m_GameObject: {fileID: 2504115874744200473}
  m_Material: {fileID: 13400000, guid: a7d886f5fda3492439e25158aede74a5, type: 2}
  m_IsTrigger: 0
  m_Enabled: 1
  serializedVersion: 2
  m_Size: {x: 0.49933863, y: 1, z: 1.0000004}
  m_Center: {x: 0, y: 0.5, z: 0.00000011920929}
--- !u!65 &606042653120874099
BoxCollider:
  m_ObjectHideFlags: 0
  m_CorrespondingSourceObject: {fileID: 0}
  m_PrefabInstance: {fileID: 0}
  m_PrefabAsset: {fileID: 0}
  m_GameObject: {fileID: 4123440543191070899}
  m_Material: {fileID: 13400000, guid: a7d886f5fda3492439e25158aede74a5, type: 2}
  m_IsTrigger: 0
  m_Enabled: 1
  serializedVersion: 2
  m_Size: {x: 0.49933863, y: 1, z: 1.0000004}
  m_Center: {x: 0, y: 0.5, z: 0.00000011920929}
--- !u!65 &1176200223504481094
BoxCollider:
  m_ObjectHideFlags: 0
  m_CorrespondingSourceObject: {fileID: 0}
  m_PrefabInstance: {fileID: 0}
  m_PrefabAsset: {fileID: 0}
  m_GameObject: {fileID: 5223849424117548812}
  m_Material: {fileID: 13400000, guid: a7d886f5fda3492439e25158aede74a5, type: 2}
  m_IsTrigger: 0
  m_Enabled: 1
  serializedVersion: 2
  m_Size: {x: 0.49933863, y: 1, z: 1.0000002}
  m_Center: {x: 0, y: 0.5, z: 0}
--- !u!1 &7738684627250143601
GameObject:
  m_ObjectHideFlags: 0
  m_CorrespondingSourceObject: {fileID: 0}
  m_PrefabInstance: {fileID: 0}
  m_PrefabAsset: {fileID: 0}
  serializedVersion: 6
  m_Component:
  - component: {fileID: 7738684627250143602}
  m_Layer: 6
  m_Name: Pared invisible
  m_TagString: Untagged
  m_Icon: {fileID: 0}
  m_NavMeshLayer: 0
  m_StaticEditorFlags: 0
  m_IsActive: 1
--- !u!4 &7738684627250143602
Transform:
  m_ObjectHideFlags: 0
  m_CorrespondingSourceObject: {fileID: 0}
  m_PrefabInstance: {fileID: 0}
  m_PrefabAsset: {fileID: 0}
  m_GameObject: {fileID: 7738684627250143601}
  m_LocalRotation: {x: 0, y: 0, z: 0, w: 1}
  m_LocalPosition: {x: -60.054234, y: -0.2939911, z: -17.527023}
  m_LocalScale: {x: 4.5505, y: 4.5505, z: 4.5505}
  m_Children:
  - {fileID: 2993689452603033993}
  - {fileID: 2993689454045771683}
  - {fileID: 4842785716143889846}
  - {fileID: 3635170155755512329}
  m_Father: {fileID: 0}
  m_RootOrder: 0
  m_LocalEulerAnglesHint: {x: 0, y: 0, z: 0}
--- !u!1001 &133960011573863161
PrefabInstance:
  m_ObjectHideFlags: 0
  serializedVersion: 2
  m_Modification:
    m_TransformParent: {fileID: 7738684627250143602}
    m_Modifications:
    - target: {fileID: 4823051842707537743, guid: d1056a707aa40914e8501f5c13162736, type: 3}
      propertyPath: m_RootOrder
      value: 2
      objectReference: {fileID: 0}
    - target: {fileID: 4823051842707537743, guid: d1056a707aa40914e8501f5c13162736, type: 3}
      propertyPath: m_LocalScale.x
      value: 1
      objectReference: {fileID: 0}
    - target: {fileID: 4823051842707537743, guid: d1056a707aa40914e8501f5c13162736, type: 3}
      propertyPath: m_LocalScale.y
      value: 6.0036
      objectReference: {fileID: 0}
    - target: {fileID: 4823051842707537743, guid: d1056a707aa40914e8501f5c13162736, type: 3}
      propertyPath: m_LocalScale.z
      value: 31.114773
      objectReference: {fileID: 0}
    - target: {fileID: 4823051842707537743, guid: d1056a707aa40914e8501f5c13162736, type: 3}
      propertyPath: m_LocalPosition.x
      value: 0
      objectReference: {fileID: 0}
    - target: {fileID: 4823051842707537743, guid: d1056a707aa40914e8501f5c13162736, type: 3}
      propertyPath: m_LocalPosition.y
      value: 5.94
      objectReference: {fileID: 0}
    - target: {fileID: 4823051842707537743, guid: d1056a707aa40914e8501f5c13162736, type: 3}
      propertyPath: m_LocalPosition.z
      value: -0.0523
      objectReference: {fileID: 0}
    - target: {fileID: 4823051842707537743, guid: d1056a707aa40914e8501f5c13162736, type: 3}
      propertyPath: m_LocalRotation.w
      value: 1
      objectReference: {fileID: 0}
    - target: {fileID: 4823051842707537743, guid: d1056a707aa40914e8501f5c13162736, type: 3}
      propertyPath: m_LocalRotation.x
      value: -0
      objectReference: {fileID: 0}
    - target: {fileID: 4823051842707537743, guid: d1056a707aa40914e8501f5c13162736, type: 3}
      propertyPath: m_LocalRotation.y
      value: -0
      objectReference: {fileID: 0}
    - target: {fileID: 4823051842707537743, guid: d1056a707aa40914e8501f5c13162736, type: 3}
      propertyPath: m_LocalRotation.z
      value: -0
      objectReference: {fileID: 0}
    - target: {fileID: 4823051842707537743, guid: d1056a707aa40914e8501f5c13162736, type: 3}
      propertyPath: m_LocalEulerAnglesHint.x
      value: 0
      objectReference: {fileID: 0}
    - target: {fileID: 4823051842707537743, guid: d1056a707aa40914e8501f5c13162736, type: 3}
      propertyPath: m_LocalEulerAnglesHint.y
      value: 0
      objectReference: {fileID: 0}
    - target: {fileID: 4823051842707537743, guid: d1056a707aa40914e8501f5c13162736, type: 3}
      propertyPath: m_LocalEulerAnglesHint.z
      value: 0
      objectReference: {fileID: 0}
    - target: {fileID: 5306714481652426229, guid: d1056a707aa40914e8501f5c13162736, type: 3}
      propertyPath: m_Name
      value: Pared (4)
      objectReference: {fileID: 0}
    - target: {fileID: 5306714481652426229, guid: d1056a707aa40914e8501f5c13162736, type: 3}
      propertyPath: m_Layer
      value: 0
      objectReference: {fileID: 0}
    - target: {fileID: 5306714481652426229, guid: d1056a707aa40914e8501f5c13162736, type: 3}
      propertyPath: m_TagString
      value: Untagged
      objectReference: {fileID: 0}
    - target: {fileID: 5306714481652426229, guid: d1056a707aa40914e8501f5c13162736, type: 3}
      propertyPath: m_StaticEditorFlags
      value: 4294967295
      objectReference: {fileID: 0}
    - target: {fileID: 5955378031487861792, guid: d1056a707aa40914e8501f5c13162736, type: 3}
      propertyPath: m_Materials.Array.data[0]
      value: 
      objectReference: {fileID: 2100000, guid: 516d30a4f3bfcb349902f89f14a0d3fc, type: 2}
    m_RemovedComponents:
    - {fileID: 5955378031487861792, guid: d1056a707aa40914e8501f5c13162736, type: 3}
  m_SourcePrefab: {fileID: 100100000, guid: d1056a707aa40914e8501f5c13162736, type: 3}
--- !u!1 &5223849424117548812 stripped
GameObject:
  m_CorrespondingSourceObject: {fileID: 5306714481652426229, guid: d1056a707aa40914e8501f5c13162736, type: 3}
  m_PrefabInstance: {fileID: 133960011573863161}
  m_PrefabAsset: {fileID: 0}
--- !u!4 &4842785716143889846 stripped
Transform:
  m_CorrespondingSourceObject: {fileID: 4823051842707537743, guid: d1056a707aa40914e8501f5c13162736, type: 3}
  m_PrefabInstance: {fileID: 133960011573863161}
  m_PrefabAsset: {fileID: 0}
--- !u!1001 &7738684626341398764
PrefabInstance:
  m_ObjectHideFlags: 0
  serializedVersion: 2
  m_Modification:
    m_TransformParent: {fileID: 7738684627250143602}
    m_Modifications:
    - target: {fileID: 4823051842707537743, guid: d1056a707aa40914e8501f5c13162736, type: 3}
      propertyPath: m_RootOrder
      value: 1
      objectReference: {fileID: 0}
    - target: {fileID: 4823051842707537743, guid: d1056a707aa40914e8501f5c13162736, type: 3}
      propertyPath: m_LocalScale.x
      value: 1
      objectReference: {fileID: 0}
    - target: {fileID: 4823051842707537743, guid: d1056a707aa40914e8501f5c13162736, type: 3}
      propertyPath: m_LocalScale.y
      value: 6.0036
      objectReference: {fileID: 0}
    - target: {fileID: 4823051842707537743, guid: d1056a707aa40914e8501f5c13162736, type: 3}
      propertyPath: m_LocalScale.z
      value: 31.104042
      objectReference: {fileID: 0}
    - target: {fileID: 4823051842707537743, guid: d1056a707aa40914e8501f5c13162736, type: 3}
      propertyPath: m_LocalPosition.x
      value: 0
      objectReference: {fileID: 0}
    - target: {fileID: 4823051842707537743, guid: d1056a707aa40914e8501f5c13162736, type: 3}
      propertyPath: m_LocalPosition.y
      value: -0.06999997
      objectReference: {fileID: 0}
    - target: {fileID: 4823051842707537743, guid: d1056a707aa40914e8501f5c13162736, type: 3}
      propertyPath: m_LocalPosition.z
      value: -0.0437
      objectReference: {fileID: 0}
    - target: {fileID: 4823051842707537743, guid: d1056a707aa40914e8501f5c13162736, type: 3}
      propertyPath: m_LocalRotation.w
      value: 1
      objectReference: {fileID: 0}
    - target: {fileID: 4823051842707537743, guid: d1056a707aa40914e8501f5c13162736, type: 3}
      propertyPath: m_LocalRotation.x
      value: -0
      objectReference: {fileID: 0}
    - target: {fileID: 4823051842707537743, guid: d1056a707aa40914e8501f5c13162736, type: 3}
      propertyPath: m_LocalRotation.y
      value: -0
      objectReference: {fileID: 0}
    - target: {fileID: 4823051842707537743, guid: d1056a707aa40914e8501f5c13162736, type: 3}
      propertyPath: m_LocalRotation.z
      value: -0
      objectReference: {fileID: 0}
    - target: {fileID: 4823051842707537743, guid: d1056a707aa40914e8501f5c13162736, type: 3}
      propertyPath: m_LocalEulerAnglesHint.x
      value: 0
      objectReference: {fileID: 0}
    - target: {fileID: 4823051842707537743, guid: d1056a707aa40914e8501f5c13162736, type: 3}
      propertyPath: m_LocalEulerAnglesHint.y
      value: 0
      objectReference: {fileID: 0}
    - target: {fileID: 4823051842707537743, guid: d1056a707aa40914e8501f5c13162736, type: 3}
      propertyPath: m_LocalEulerAnglesHint.z
      value: 0
      objectReference: {fileID: 0}
    - target: {fileID: 5306714481652426229, guid: d1056a707aa40914e8501f5c13162736, type: 3}
      propertyPath: m_Name
      value: Pared (1)
      objectReference: {fileID: 0}
    - target: {fileID: 5306714481652426229, guid: d1056a707aa40914e8501f5c13162736, type: 3}
      propertyPath: m_Layer
      value: 6
      objectReference: {fileID: 0}
    - target: {fileID: 5306714481652426229, guid: d1056a707aa40914e8501f5c13162736, type: 3}
      propertyPath: m_TagString
      value: Untagged
      objectReference: {fileID: 0}
    - target: {fileID: 5306714481652426229, guid: d1056a707aa40914e8501f5c13162736, type: 3}
      propertyPath: m_StaticEditorFlags
      value: 4294967295
      objectReference: {fileID: 0}
    - target: {fileID: 5955378031487861792, guid: d1056a707aa40914e8501f5c13162736, type: 3}
      propertyPath: m_Materials.Array.data[0]
      value: 
      objectReference: {fileID: 2100000, guid: 14bf7de40ee700d4fb9f02bc6bb8915f, type: 2}
    m_RemovedComponents:
    - {fileID: 5955378031487861792, guid: d1056a707aa40914e8501f5c13162736, type: 3}
  m_SourcePrefab: {fileID: 100100000, guid: d1056a707aa40914e8501f5c13162736, type: 3}
--- !u!1 &2504115874744200473 stripped
GameObject:
  m_CorrespondingSourceObject: {fileID: 5306714481652426229, guid: d1056a707aa40914e8501f5c13162736, type: 3}
  m_PrefabInstance: {fileID: 7738684626341398764}
  m_PrefabAsset: {fileID: 0}
--- !u!4 &2993689454045771683 stripped
Transform:
  m_CorrespondingSourceObject: {fileID: 4823051842707537743, guid: d1056a707aa40914e8501f5c13162736, type: 3}
  m_PrefabInstance: {fileID: 7738684626341398764}
  m_PrefabAsset: {fileID: 0}
--- !u!1001 &7738684627314603718
PrefabInstance:
  m_ObjectHideFlags: 0
  serializedVersion: 2
  m_Modification:
    m_TransformParent: {fileID: 7738684627250143602}
    m_Modifications:
    - target: {fileID: 4823051842707537743, guid: d1056a707aa40914e8501f5c13162736, type: 3}
      propertyPath: m_RootOrder
      value: 0
      objectReference: {fileID: 0}
    - target: {fileID: 4823051842707537743, guid: d1056a707aa40914e8501f5c13162736, type: 3}
      propertyPath: m_LocalScale.x
      value: 1
      objectReference: {fileID: 0}
    - target: {fileID: 4823051842707537743, guid: d1056a707aa40914e8501f5c13162736, type: 3}
      propertyPath: m_LocalScale.y
      value: 6.0036
      objectReference: {fileID: 0}
    - target: {fileID: 4823051842707537743, guid: d1056a707aa40914e8501f5c13162736, type: 3}
      propertyPath: m_LocalScale.z
      value: 31.114773
      objectReference: {fileID: 0}
    - target: {fileID: 4823051842707537743, guid: d1056a707aa40914e8501f5c13162736, type: 3}
      propertyPath: m_LocalPosition.x
      value: -0
      objectReference: {fileID: 0}
    - target: {fileID: 4823051842707537743, guid: d1056a707aa40914e8501f5c13162736, type: 3}
      propertyPath: m_LocalPosition.y
      value: 5.94
      objectReference: {fileID: 0}
    - target: {fileID: 4823051842707537743, guid: d1056a707aa40914e8501f5c13162736, type: 3}
      propertyPath: m_LocalPosition.z
      value: -0.0523
      objectReference: {fileID: 0}
    - target: {fileID: 4823051842707537743, guid: d1056a707aa40914e8501f5c13162736, type: 3}
      propertyPath: m_LocalRotation.w
      value: 1
      objectReference: {fileID: 0}
    - target: {fileID: 4823051842707537743, guid: d1056a707aa40914e8501f5c13162736, type: 3}
      propertyPath: m_LocalRotation.x
      value: -0
      objectReference: {fileID: 0}
    - target: {fileID: 4823051842707537743, guid: d1056a707aa40914e8501f5c13162736, type: 3}
      propertyPath: m_LocalRotation.y
      value: -0
      objectReference: {fileID: 0}
    - target: {fileID: 4823051842707537743, guid: d1056a707aa40914e8501f5c13162736, type: 3}
      propertyPath: m_LocalRotation.z
      value: -0
      objectReference: {fileID: 0}
    - target: {fileID: 4823051842707537743, guid: d1056a707aa40914e8501f5c13162736, type: 3}
      propertyPath: m_LocalEulerAnglesHint.x
      value: 0
      objectReference: {fileID: 0}
    - target: {fileID: 4823051842707537743, guid: d1056a707aa40914e8501f5c13162736, type: 3}
      propertyPath: m_LocalEulerAnglesHint.y
      value: 0
      objectReference: {fileID: 0}
    - target: {fileID: 4823051842707537743, guid: d1056a707aa40914e8501f5c13162736, type: 3}
      propertyPath: m_LocalEulerAnglesHint.z
      value: 0
      objectReference: {fileID: 0}
    - target: {fileID: 5306714481652426229, guid: d1056a707aa40914e8501f5c13162736, type: 3}
      propertyPath: m_Name
      value: Pared (3)
      objectReference: {fileID: 0}
    - target: {fileID: 5306714481652426229, guid: d1056a707aa40914e8501f5c13162736, type: 3}
      propertyPath: m_Layer
      value: 6
      objectReference: {fileID: 0}
    - target: {fileID: 5306714481652426229, guid: d1056a707aa40914e8501f5c13162736, type: 3}
      propertyPath: m_TagString
      value: Untagged
      objectReference: {fileID: 0}
    - target: {fileID: 5306714481652426229, guid: d1056a707aa40914e8501f5c13162736, type: 3}
      propertyPath: m_StaticEditorFlags
      value: 4294967295
      objectReference: {fileID: 0}
    - target: {fileID: 5955378031487861792, guid: d1056a707aa40914e8501f5c13162736, type: 3}
      propertyPath: m_Materials.Array.data[0]
      value: 
      objectReference: {fileID: 2100000, guid: 516d30a4f3bfcb349902f89f14a0d3fc, type: 2}
    m_RemovedComponents:
    - {fileID: 5955378031487861792, guid: d1056a707aa40914e8501f5c13162736, type: 3}
  m_SourcePrefab: {fileID: 100100000, guid: d1056a707aa40914e8501f5c13162736, type: 3}
--- !u!1 &2504115874039632691 stripped
GameObject:
  m_CorrespondingSourceObject: {fileID: 5306714481652426229, guid: d1056a707aa40914e8501f5c13162736, type: 3}
  m_PrefabInstance: {fileID: 7738684627314603718}
  m_PrefabAsset: {fileID: 0}
--- !u!4 &2993689452603033993 stripped
Transform:
  m_CorrespondingSourceObject: {fileID: 4823051842707537743, guid: d1056a707aa40914e8501f5c13162736, type: 3}
  m_PrefabInstance: {fileID: 7738684627314603718}
  m_PrefabAsset: {fileID: 0}
--- !u!1001 &8114461679767035206
PrefabInstance:
  m_ObjectHideFlags: 0
  serializedVersion: 2
  m_Modification:
    m_TransformParent: {fileID: 7738684627250143602}
    m_Modifications:
    - target: {fileID: 4823051842707537743, guid: d1056a707aa40914e8501f5c13162736, type: 3}
      propertyPath: m_RootOrder
      value: 3
      objectReference: {fileID: 0}
    - target: {fileID: 4823051842707537743, guid: d1056a707aa40914e8501f5c13162736, type: 3}
      propertyPath: m_LocalScale.x
      value: 1
      objectReference: {fileID: 0}
    - target: {fileID: 4823051842707537743, guid: d1056a707aa40914e8501f5c13162736, type: 3}
      propertyPath: m_LocalScale.y
      value: 6.0036
      objectReference: {fileID: 0}
    - target: {fileID: 4823051842707537743, guid: d1056a707aa40914e8501f5c13162736, type: 3}
      propertyPath: m_LocalScale.z
      value: 31.104042
      objectReference: {fileID: 0}
    - target: {fileID: 4823051842707537743, guid: d1056a707aa40914e8501f5c13162736, type: 3}
      propertyPath: m_LocalPosition.x
      value: 0
      objectReference: {fileID: 0}
    - target: {fileID: 4823051842707537743, guid: d1056a707aa40914e8501f5c13162736, type: 3}
      propertyPath: m_LocalPosition.y
      value: 0
      objectReference: {fileID: 0}
    - target: {fileID: 4823051842707537743, guid: d1056a707aa40914e8501f5c13162736, type: 3}
      propertyPath: m_LocalPosition.z
      value: -0.0437
      objectReference: {fileID: 0}
    - target: {fileID: 4823051842707537743, guid: d1056a707aa40914e8501f5c13162736, type: 3}
      propertyPath: m_LocalRotation.w
      value: 1
      objectReference: {fileID: 0}
    - target: {fileID: 4823051842707537743, guid: d1056a707aa40914e8501f5c13162736, type: 3}
      propertyPath: m_LocalRotation.x
      value: -0
      objectReference: {fileID: 0}
    - target: {fileID: 4823051842707537743, guid: d1056a707aa40914e8501f5c13162736, type: 3}
      propertyPath: m_LocalRotation.y
      value: -0
      objectReference: {fileID: 0}
    - target: {fileID: 4823051842707537743, guid: d1056a707aa40914e8501f5c13162736, type: 3}
      propertyPath: m_LocalRotation.z
      value: -0
      objectReference: {fileID: 0}
    - target: {fileID: 4823051842707537743, guid: d1056a707aa40914e8501f5c13162736, type: 3}
      propertyPath: m_LocalEulerAnglesHint.x
      value: 0
      objectReference: {fileID: 0}
    - target: {fileID: 4823051842707537743, guid: d1056a707aa40914e8501f5c13162736, type: 3}
      propertyPath: m_LocalEulerAnglesHint.y
      value: 0
      objectReference: {fileID: 0}
    - target: {fileID: 4823051842707537743, guid: d1056a707aa40914e8501f5c13162736, type: 3}
      propertyPath: m_LocalEulerAnglesHint.z
      value: 0
      objectReference: {fileID: 0}
    - target: {fileID: 5306714481652426229, guid: d1056a707aa40914e8501f5c13162736, type: 3}
      propertyPath: m_Name
      value: Pared (2)
      objectReference: {fileID: 0}
    - target: {fileID: 5306714481652426229, guid: d1056a707aa40914e8501f5c13162736, type: 3}
      propertyPath: m_Layer
      value: 0
      objectReference: {fileID: 0}
    - target: {fileID: 5306714481652426229, guid: d1056a707aa40914e8501f5c13162736, type: 3}
      propertyPath: m_TagString
      value: Untagged
      objectReference: {fileID: 0}
    - target: {fileID: 5306714481652426229, guid: d1056a707aa40914e8501f5c13162736, type: 3}
      propertyPath: m_StaticEditorFlags
      value: 4294967295
      objectReference: {fileID: 0}
    - target: {fileID: 5955378031487861792, guid: d1056a707aa40914e8501f5c13162736, type: 3}
      propertyPath: m_Materials.Array.data[0]
      value: 
      objectReference: {fileID: 2100000, guid: 14bf7de40ee700d4fb9f02bc6bb8915f, type: 2}
    m_RemovedComponents:
    - {fileID: 5955378031487861792, guid: d1056a707aa40914e8501f5c13162736, type: 3}
  m_SourcePrefab: {fileID: 100100000, guid: d1056a707aa40914e8501f5c13162736, type: 3}
--- !u!1 &4123440543191070899 stripped
GameObject:
  m_CorrespondingSourceObject: {fileID: 5306714481652426229, guid: d1056a707aa40914e8501f5c13162736, type: 3}
  m_PrefabInstance: {fileID: 8114461679767035206}
  m_PrefabAsset: {fileID: 0}
--- !u!4 &3635170155755512329 stripped
Transform:
  m_CorrespondingSourceObject: {fileID: 4823051842707537743, guid: d1056a707aa40914e8501f5c13162736, type: 3}
  m_PrefabInstance: {fileID: 8114461679767035206}
  m_PrefabAsset: {fileID: 0}
