%YAML 1.1
%TAG !u! tag:unity3d.com,2011:
--- !u!1 &4110323985228991581
GameObject:
  m_ObjectHideFlags: 0
  m_CorrespondingSourceObject: {fileID: 0}
  m_PrefabInstance: {fileID: 0}
  m_PrefabAsset: {fileID: 0}
  serializedVersion: 6
  m_Component:
  - component: {fileID: 9097168823555381709}
  - component: {fileID: 8236092250323297587}
  - component: {fileID: 6265760741779298192}
  - component: {fileID: 7843058450657141518}
  - component: {fileID: 3117994709788673721}
  m_Layer: 0
  m_Name: Spawn
  m_TagString: Suelo
  m_Icon: {fileID: 0}
  m_NavMeshLayer: 0
  m_StaticEditorFlags: 0
  m_IsActive: 1
--- !u!4 &9097168823555381709
Transform:
  m_ObjectHideFlags: 0
  m_CorrespondingSourceObject: {fileID: 0}
  m_PrefabInstance: {fileID: 0}
  m_PrefabAsset: {fileID: 0}
  m_GameObject: {fileID: 4110323985228991581}
  m_LocalRotation: {x: 0, y: 0, z: 0, w: 1}
  m_LocalPosition: {x: 0, y: 0, z: 0}
  m_LocalScale: {x: 10, y: 10, z: 10}
  m_Children:
  - {fileID: 6934697776390270984}
  m_Father: {fileID: 0}
  m_RootOrder: 0
  m_LocalEulerAnglesHint: {x: 0, y: 0, z: 0}
--- !u!33 &8236092250323297587
MeshFilter:
  m_ObjectHideFlags: 0
  m_CorrespondingSourceObject: {fileID: 0}
  m_PrefabInstance: {fileID: 0}
  m_PrefabAsset: {fileID: 0}
  m_GameObject: {fileID: 4110323985228991581}
  m_Mesh: {fileID: 10202, guid: 0000000000000000e000000000000000, type: 0}
--- !u!23 &6265760741779298192
MeshRenderer:
  m_ObjectHideFlags: 0
  m_CorrespondingSourceObject: {fileID: 0}
  m_PrefabInstance: {fileID: 0}
  m_PrefabAsset: {fileID: 0}
  m_GameObject: {fileID: 4110323985228991581}
  m_Enabled: 1
  m_CastShadows: 1
  m_ReceiveShadows: 1
  m_DynamicOccludee: 1
  m_MotionVectors: 1
  m_LightProbeUsage: 1
  m_ReflectionProbeUsage: 1
  m_RayTracingMode: 2
  m_RayTraceProcedural: 0
  m_RenderingLayerMask: 1
  m_RendererPriority: 0
  m_Materials:
  - {fileID: 2100000, guid: af88a30c41c7ad441adbc241dd687245, type: 2}
  m_StaticBatchInfo:
    firstSubMesh: 0
    subMeshCount: 0
  m_StaticBatchRoot: {fileID: 0}
  m_ProbeAnchor: {fileID: 0}
  m_LightProbeVolumeOverride: {fileID: 0}
  m_ScaleInLightmap: 1
  m_ReceiveGI: 1
  m_PreserveUVs: 0
  m_IgnoreNormalsForChartDetection: 0
  m_ImportantGI: 0
  m_StitchLightmapSeams: 1
  m_SelectedEditorRenderState: 3
  m_MinimumChartSize: 4
  m_AutoUVMaxDistance: 0.5
  m_AutoUVMaxAngle: 89
  m_LightmapParameters: {fileID: 0}
  m_SortingLayerID: 0
  m_SortingLayer: 0
  m_SortingOrder: 0
  m_AdditionalVertexStreams: {fileID: 0}
--- !u!65 &7843058450657141518
BoxCollider:
  m_ObjectHideFlags: 0
  m_CorrespondingSourceObject: {fileID: 0}
  m_PrefabInstance: {fileID: 0}
  m_PrefabAsset: {fileID: 0}
  m_GameObject: {fileID: 4110323985228991581}
  m_Material: {fileID: 0}
  m_IsTrigger: 0
  m_Enabled: 1
  serializedVersion: 2
  m_Size: {x: 1, y: 1, z: 1}
  m_Center: {x: 0, y: 0, z: 0}
--- !u!114 &3117994709788673721
MonoBehaviour:
  m_ObjectHideFlags: 0
  m_CorrespondingSourceObject: {fileID: 0}
  m_PrefabInstance: {fileID: 0}
  m_PrefabAsset: {fileID: 0}
  m_GameObject: {fileID: 4110323985228991581}
  m_Enabled: 1
  m_EditorHideFlags: 0
  m_Script: {fileID: 11500000, guid: 0fbf4165fa7366f4b9e2b5879428e1d0, type: 3}
  m_Name: 
  m_EditorClassIdentifier: 
  tipo: {fileID: 11400000, guid: ac28312677a0cfb4fa73ead685e3995a, type: 2}
  Vecinos: []
  puertas:
  - {fileID: 6934697776390270988}
  piso: 0
  radio: 0
  altura: 0
  lado: 0
--- !u!1001 &2461445065516329794
PrefabInstance:
  m_ObjectHideFlags: 0
  serializedVersion: 2
  m_Modification:
    m_TransformParent: {fileID: 9097168823555381709}
    m_Modifications:
    - target: {fileID: 4761485528045706058, guid: 841a818a593416f4794de8dce2eb9353, type: 3}
      propertyPath: m_RootOrder
      value: 0
      objectReference: {fileID: 0}
    - target: {fileID: 4761485528045706058, guid: 841a818a593416f4794de8dce2eb9353, type: 3}
      propertyPath: m_LocalScale.x
      value: 0.27041
      objectReference: {fileID: 0}
    - target: {fileID: 4761485528045706058, guid: 841a818a593416f4794de8dce2eb9353, type: 3}
      propertyPath: m_LocalScale.y
      value: 0.42703566
      objectReference: {fileID: 0}
    - target: {fileID: 4761485528045706058, guid: 841a818a593416f4794de8dce2eb9353, type: 3}
      propertyPath: m_LocalScale.z
      value: 0.1
      objectReference: {fileID: 0}
    - target: {fileID: 4761485528045706058, guid: 841a818a593416f4794de8dce2eb9353, type: 3}
      propertyPath: m_LocalPosition.x
      value: 0.058523726
      objectReference: {fileID: 0}
    - target: {fileID: 4761485528045706058, guid: 841a818a593416f4794de8dce2eb9353, type: 3}
      propertyPath: m_LocalPosition.y
      value: -0.286
      objectReference: {fileID: 0}
    - target: {fileID: 4761485528045706058, guid: 841a818a593416f4794de8dce2eb9353, type: 3}
      propertyPath: m_LocalPosition.z
      value: 0.493
      objectReference: {fileID: 0}
    - target: {fileID: 4761485528045706058, guid: 841a818a593416f4794de8dce2eb9353, type: 3}
      propertyPath: m_LocalRotation.w
      value: 1
      objectReference: {fileID: 0}
    - target: {fileID: 4761485528045706058, guid: 841a818a593416f4794de8dce2eb9353, type: 3}
      propertyPath: m_LocalRotation.x
      value: -0
      objectReference: {fileID: 0}
    - target: {fileID: 4761485528045706058, guid: 841a818a593416f4794de8dce2eb9353, type: 3}
      propertyPath: m_LocalRotation.y
      value: -0
      objectReference: {fileID: 0}
    - target: {fileID: 4761485528045706058, guid: 841a818a593416f4794de8dce2eb9353, type: 3}
      propertyPath: m_LocalRotation.z
      value: -0
      objectReference: {fileID: 0}
    - target: {fileID: 4761485528045706058, guid: 841a818a593416f4794de8dce2eb9353, type: 3}
      propertyPath: m_LocalEulerAnglesHint.x
      value: 0
      objectReference: {fileID: 0}
    - target: {fileID: 4761485528045706058, guid: 841a818a593416f4794de8dce2eb9353, type: 3}
      propertyPath: m_LocalEulerAnglesHint.y
      value: 0
      objectReference: {fileID: 0}
    - target: {fileID: 4761485528045706058, guid: 841a818a593416f4794de8dce2eb9353, type: 3}
      propertyPath: m_LocalEulerAnglesHint.z
      value: 0
      objectReference: {fileID: 0}
    - target: {fileID: 4761485528045706062, guid: 841a818a593416f4794de8dce2eb9353, type: 3}
      propertyPath: m_Name
      value: puerta
      objectReference: {fileID: 0}
    m_RemovedComponents: []
  m_SourcePrefab: {fileID: 100100000, guid: 841a818a593416f4794de8dce2eb9353, type: 3}
--- !u!1 &6934697776390270988 stripped
GameObject:
  m_CorrespondingSourceObject: {fileID: 4761485528045706062, guid: 841a818a593416f4794de8dce2eb9353, type: 3}
  m_PrefabInstance: {fileID: 2461445065516329794}
  m_PrefabAsset: {fileID: 0}
--- !u!4 &6934697776390270984 stripped
Transform:
  m_CorrespondingSourceObject: {fileID: 4761485528045706058, guid: 841a818a593416f4794de8dce2eb9353, type: 3}
  m_PrefabInstance: {fileID: 2461445065516329794}
  m_PrefabAsset: {fileID: 0}
