%YAML 1.1
%TAG !u! tag:unity3d.com,2011:
--- !u!1 &1488399114288892043
GameObject:
  m_ObjectHideFlags: 0
  m_CorrespondingSourceObject: {fileID: 0}
  m_PrefabInstance: {fileID: 0}
  m_PrefabAsset: {fileID: 0}
  serializedVersion: 6
  m_Component:
  - component: {fileID: 4736867175714316580}
  - component: {fileID: 3854715018349281539}
  - component: {fileID: 312343493242444090}
  - component: {fileID: 2033564523132220167}
  - component: {fileID: 1670310674253698225}
  m_Layer: 3
  m_Name: Door
  m_TagString: Untagged
  m_Icon: {fileID: 0}
  m_NavMeshLayer: 0
  m_StaticEditorFlags: 4294967295
  m_IsActive: 1
--- !u!4 &4736867175714316580
Transform:
  m_ObjectHideFlags: 0
  m_CorrespondingSourceObject: {fileID: 0}
  m_PrefabInstance: {fileID: 0}
  m_PrefabAsset: {fileID: 0}
  m_GameObject: {fileID: 1488399114288892043}
  m_LocalRotation: {x: -0, y: -0, z: -0, w: 1}
  m_LocalPosition: {x: 0, y: 0, z: -4.82}
  m_LocalScale: {x: 1.5000005, y: 1.36, z: 2}
  m_Children: []
  m_Father: {fileID: 3643110034917246797}
  m_RootOrder: 0
  m_LocalEulerAnglesHint: {x: 0, y: 90, z: 0}
--- !u!33 &3854715018349281539
MeshFilter:
  m_ObjectHideFlags: 0
  m_CorrespondingSourceObject: {fileID: 0}
  m_PrefabInstance: {fileID: 0}
  m_PrefabAsset: {fileID: 0}
  m_GameObject: {fileID: 1488399114288892043}
  m_Mesh: {fileID: 4300000, guid: 1fed90e8722c1334d9b51e0b56f26e4e, type: 3}
--- !u!23 &312343493242444090
MeshRenderer:
  m_ObjectHideFlags: 0
  m_CorrespondingSourceObject: {fileID: 0}
  m_PrefabInstance: {fileID: 0}
  m_PrefabAsset: {fileID: 0}
  m_GameObject: {fileID: 1488399114288892043}
  m_Enabled: 1
  m_CastShadows: 1
  m_ReceiveShadows: 1
  m_DynamicOccludee: 1
  m_MotionVectors: 1
  m_LightProbeUsage: 1
  m_ReflectionProbeUsage: 1
  m_RayTracingMode: 2
  m_RayTraceProcedural: 0
  m_RenderingLayerMask: 1
  m_RendererPriority: 0
  m_Materials:
  - {fileID: 2100000, guid: a16d1ac11a1636f49ac2495559dcd77f, type: 2}
  m_StaticBatchInfo:
    firstSubMesh: 0
    subMeshCount: 0
  m_StaticBatchRoot: {fileID: 0}
  m_ProbeAnchor: {fileID: 0}
  m_LightProbeVolumeOverride: {fileID: 0}
  m_ScaleInLightmap: 1
  m_ReceiveGI: 1
  m_PreserveUVs: 0
  m_IgnoreNormalsForChartDetection: 0
  m_ImportantGI: 0
  m_StitchLightmapSeams: 0
  m_SelectedEditorRenderState: 3
  m_MinimumChartSize: 4
  m_AutoUVMaxDistance: 0.5
  m_AutoUVMaxAngle: 89
  m_LightmapParameters: {fileID: 0}
  m_SortingLayerID: 0
  m_SortingLayer: 0
  m_SortingOrder: 0
  m_AdditionalVertexStreams: {fileID: 0}
--- !u!65 &2033564523132220167
BoxCollider:
  m_ObjectHideFlags: 0
  m_CorrespondingSourceObject: {fileID: 0}
  m_PrefabInstance: {fileID: 0}
  m_PrefabAsset: {fileID: 0}
  m_GameObject: {fileID: 1488399114288892043}
  m_Material: {fileID: 0}
  m_IsTrigger: 0
  m_Enabled: 1
  serializedVersion: 2
  m_Size: {x: 1.4080154, y: 2.2950897, z: 0.4859059}
  m_Center: {x: 0.000000034908577, y: 1.1481464, z: -0.109812915}
--- !u!114 &1670310674253698225
MonoBehaviour:
  m_ObjectHideFlags: 0
  m_CorrespondingSourceObject: {fileID: 0}
  m_PrefabInstance: {fileID: 0}
  m_PrefabAsset: {fileID: 0}
  m_GameObject: {fileID: 1488399114288892043}
  m_Enabled: 1
  m_EditorHideFlags: 0
  m_Script: {fileID: 11500000, guid: 9bd7650e895ec7d42aa9e7931d0452ef, type: 3}
  m_Name: 
  m_EditorClassIdentifier: 
  destino: {x: 0, y: 0, z: 0}
--- !u!1 &1513644804803585225
GameObject:
  m_ObjectHideFlags: 0
  m_CorrespondingSourceObject: {fileID: 0}
  m_PrefabInstance: {fileID: 0}
  m_PrefabAsset: {fileID: 0}
  serializedVersion: 6
  m_Component:
  - component: {fileID: 5214879060997475094}
  - component: {fileID: 4832424946900004027}
  - component: {fileID: 8621166327151836319}
  - component: {fileID: 2059044830932571811}
  m_Layer: 3
  m_Name: Wall_Entrance
  m_TagString: Wall
  m_Icon: {fileID: 0}
  m_NavMeshLayer: 0
  m_StaticEditorFlags: 4294967295
  m_IsActive: 1
--- !u!4 &5214879060997475094
Transform:
  m_ObjectHideFlags: 0
  m_CorrespondingSourceObject: {fileID: 0}
  m_PrefabInstance: {fileID: 0}
  m_PrefabAsset: {fileID: 0}
  m_GameObject: {fileID: 1513644804803585225}
  m_LocalRotation: {x: -0, y: -0, z: -0, w: 1}
  m_LocalPosition: {x: 0, y: 0, z: -4.82}
  m_LocalScale: {x: 1.5000005, y: 1.36, z: 2}
  m_Children: []
  m_Father: {fileID: 5185551413954527337}
  m_RootOrder: 7
  m_LocalEulerAnglesHint: {x: 0, y: 90, z: 0}
--- !u!33 &4832424946900004027
MeshFilter:
  m_ObjectHideFlags: 0
  m_CorrespondingSourceObject: {fileID: 0}
  m_PrefabInstance: {fileID: 0}
  m_PrefabAsset: {fileID: 0}
  m_GameObject: {fileID: 1513644804803585225}
  m_Mesh: {fileID: 4300000, guid: ce8cc834ba277844da67143cfc370fa8, type: 3}
--- !u!23 &8621166327151836319
MeshRenderer:
  m_ObjectHideFlags: 0
  m_CorrespondingSourceObject: {fileID: 0}
  m_PrefabInstance: {fileID: 0}
  m_PrefabAsset: {fileID: 0}
  m_GameObject: {fileID: 1513644804803585225}
  m_Enabled: 1
  m_CastShadows: 1
  m_ReceiveShadows: 1
  m_DynamicOccludee: 1
  m_MotionVectors: 1
  m_LightProbeUsage: 1
  m_ReflectionProbeUsage: 1
  m_RayTracingMode: 2
  m_RayTraceProcedural: 0
  m_RenderingLayerMask: 1
  m_RendererPriority: 0
  m_Materials:
  - {fileID: 2100000, guid: 770d874acb2e37f4dbb0943d5ef8a660, type: 2}
  - {fileID: 2100000, guid: 2e701f9d6b8aa304c93f2af59c1ee5d9, type: 2}
  m_StaticBatchInfo:
    firstSubMesh: 0
    subMeshCount: 0
  m_StaticBatchRoot: {fileID: 0}
  m_ProbeAnchor: {fileID: 0}
  m_LightProbeVolumeOverride: {fileID: 0}
  m_ScaleInLightmap: 1
  m_ReceiveGI: 1
  m_PreserveUVs: 0
  m_IgnoreNormalsForChartDetection: 0
  m_ImportantGI: 0
  m_StitchLightmapSeams: 0
  m_SelectedEditorRenderState: 3
  m_MinimumChartSize: 4
  m_AutoUVMaxDistance: 0.5
  m_AutoUVMaxAngle: 89
  m_LightmapParameters: {fileID: 0}
  m_SortingLayerID: 0
  m_SortingLayer: 0
  m_SortingOrder: 0
  m_AdditionalVertexStreams: {fileID: 0}
--- !u!64 &2059044830932571811
MeshCollider:
  m_ObjectHideFlags: 0
  m_CorrespondingSourceObject: {fileID: 0}
  m_PrefabInstance: {fileID: 0}
  m_PrefabAsset: {fileID: 0}
  m_GameObject: {fileID: 1513644804803585225}
  m_Material: {fileID: 13400000, guid: a7d886f5fda3492439e25158aede74a5, type: 2}
  m_IsTrigger: 0
  m_Enabled: 1
  serializedVersion: 4
  m_Convex: 0
  m_CookingOptions: 30
  m_Mesh: {fileID: 4300000, guid: ce8cc834ba277844da67143cfc370fa8, type: 3}
--- !u!65 &849056327256477490
BoxCollider:
  m_ObjectHideFlags: 0
  m_CorrespondingSourceObject: {fileID: 0}
  m_PrefabInstance: {fileID: 0}
  m_PrefabAsset: {fileID: 0}
  m_GameObject: {fileID: 3005344175845058088}
  m_Material: {fileID: 0}
  m_IsTrigger: 0
  m_Enabled: 1
  serializedVersion: 2
  m_Size: {x: 1.9943994, y: 2.328848, z: 0.5685753}
  m_Center: {x: 0, y: 1.1524997, z: -0.0003632307}
--- !u!1 &3643110034917246798
GameObject:
  m_ObjectHideFlags: 0
  m_CorrespondingSourceObject: {fileID: 0}
  m_PrefabInstance: {fileID: 0}
  m_PrefabAsset: {fileID: 0}
  serializedVersion: 6
  m_Component:
  - component: {fileID: 3643110034917246797}
  - component: {fileID: 8019830342035993498}
  m_Layer: 0
  m_Name: TP1 1
  m_TagString: TP
  m_Icon: {fileID: 0}
  m_NavMeshLayer: 0
  m_StaticEditorFlags: 0
  m_IsActive: 1
--- !u!4 &3643110034917246797
Transform:
  m_ObjectHideFlags: 0
  m_CorrespondingSourceObject: {fileID: 0}
  m_PrefabInstance: {fileID: 0}
  m_PrefabAsset: {fileID: 0}
  m_GameObject: {fileID: 3643110034917246798}
  m_LocalRotation: {x: 0, y: 0, z: 0, w: 1}
  m_LocalPosition: {x: 0, y: 0, z: 0}
  m_LocalScale: {x: 1, y: 1, z: 1}
  m_Children:
  - {fileID: 4736867175714316580}
  - {fileID: 5185551413954527337}
  - {fileID: 2541635827458808836}
  - {fileID: 4715768951300619941}
  - {fileID: 8946881887449641401}
  - {fileID: 7563867346500429399}
  - {fileID: 6876070034840702609}
  - {fileID: 3005344175845489160}
  - {fileID: 5586626818636802979}
  m_Father: {fileID: 0}
  m_RootOrder: 0
  m_LocalEulerAnglesHint: {x: 0, y: 0, z: 0}
--- !u!65 &8019830342035993498
BoxCollider:
  m_ObjectHideFlags: 0
  m_CorrespondingSourceObject: {fileID: 0}
  m_PrefabInstance: {fileID: 0}
  m_PrefabAsset: {fileID: 0}
  m_GameObject: {fileID: 3643110034917246798}
  m_Material: {fileID: 0}
  m_IsTrigger: 1
  m_Enabled: 1
  serializedVersion: 2
  m_Size: {x: 10, y: 8, z: 10}
  m_Center: {x: 0, y: 4, z: 0}
--- !u!65 &8108516868747712236
BoxCollider:
  m_ObjectHideFlags: 0
  m_CorrespondingSourceObject: {fileID: 0}
  m_PrefabInstance: {fileID: 0}
  m_PrefabAsset: {fileID: 0}
  m_GameObject: {fileID: 4715768951300252293}
  m_Material: {fileID: 0}
  m_IsTrigger: 0
  m_Enabled: 1
  serializedVersion: 2
  m_Size: {x: 0.6833221, y: 1.4726553, z: 0.787776}
  m_Center: {x: 0, y: 0.73632765, z: -0.0019872487}
--- !u!65 &6127104851415287603
BoxCollider:
  m_ObjectHideFlags: 0
  m_CorrespondingSourceObject: {fileID: 0}
  m_PrefabInstance: {fileID: 0}
  m_PrefabAsset: {fileID: 0}
  m_GameObject: {fileID: 5586626818636773251}
  m_Material: {fileID: 0}
  m_IsTrigger: 0
  m_Enabled: 1
  serializedVersion: 2
  m_Size: {x: 1.9943994, y: 2.328848, z: 0.5685753}
  m_Center: {x: 0, y: 1.1524997, z: -0.0003632307}
--- !u!65 &3643110033673776298
BoxCollider:
  m_ObjectHideFlags: 0
  m_CorrespondingSourceObject: {fileID: 0}
  m_PrefabInstance: {fileID: 0}
  m_PrefabAsset: {fileID: 0}
  m_GameObject: {fileID: 7432996028278123905}
  m_Material: {fileID: 13400000, guid: a7d886f5fda3492439e25158aede74a5, type: 2}
  m_IsTrigger: 0
  m_Enabled: 1
  serializedVersion: 2
  m_Size: {x: 1, y: 0.5, z: 1}
  m_Center: {x: 0, y: -0.25, z: 0}
--- !u!65 &3643110034188066600
BoxCollider:
  m_ObjectHideFlags: 0
  m_CorrespondingSourceObject: {fileID: 0}
  m_PrefabInstance: {fileID: 0}
  m_PrefabAsset: {fileID: 0}
  m_GameObject: {fileID: 7432996028805127695}
  m_Material: {fileID: 13400000, guid: a7d886f5fda3492439e25158aede74a5, type: 2}
  m_IsTrigger: 0
  m_Enabled: 1
  serializedVersion: 2
  m_Size: {x: 1, y: 0.5, z: 1}
  m_Center: {x: 0, y: -0.25, z: 0}
--- !u!65 &3087749333057281514
BoxCollider:
  m_ObjectHideFlags: 0
  m_CorrespondingSourceObject: {fileID: 0}
  m_PrefabInstance: {fileID: 0}
  m_PrefabAsset: {fileID: 0}
  m_GameObject: {fileID: 7563867346500205175}
  m_Material: {fileID: 0}
  m_IsTrigger: 0
  m_Enabled: 1
  serializedVersion: 2
  m_Size: {x: 0.6833221, y: 1.4726553, z: 0.787776}
  m_Center: {x: 0, y: 0.73632765, z: -0.0019872487}
--- !u!1 &8080325592587100796
GameObject:
  m_ObjectHideFlags: 0
  m_CorrespondingSourceObject: {fileID: 0}
  m_PrefabInstance: {fileID: 0}
  m_PrefabAsset: {fileID: 0}
  serializedVersion: 6
  m_Component:
  - component: {fileID: 5185551413954527337}
  m_Layer: 0
  m_Name: Decpracion
  m_TagString: Untagged
  m_Icon: {fileID: 0}
  m_NavMeshLayer: 0
  m_StaticEditorFlags: 0
  m_IsActive: 1
--- !u!4 &5185551413954527337
Transform:
  m_ObjectHideFlags: 0
  m_CorrespondingSourceObject: {fileID: 0}
  m_PrefabInstance: {fileID: 0}
  m_PrefabAsset: {fileID: 0}
  m_GameObject: {fileID: 8080325592587100796}
  m_LocalRotation: {x: 0, y: 0, z: 0, w: 1}
  m_LocalPosition: {x: 0, y: 0, z: 0}
  m_LocalScale: {x: 1, y: 1, z: 1}
  m_Children:
  - {fileID: 8097473636935396324}
  - {fileID: 7812793370553730229}
  - {fileID: 8097473635488610558}
  - {fileID: 8097473635774273640}
  - {fileID: 8097473636302146830}
  - {fileID: 7812793369974306619}
  - {fileID: 7195451267781872902}
  - {fileID: 5214879060997475094}
  m_Father: {fileID: 3643110034917246797}
  m_RootOrder: 1
  m_LocalEulerAnglesHint: {x: 0, y: 0, z: 0}
--- !u!65 &3643110035632596772
BoxCollider:
  m_ObjectHideFlags: 0
  m_CorrespondingSourceObject: {fileID: 0}
  m_PrefabInstance: {fileID: 0}
  m_PrefabAsset: {fileID: 0}
  m_GameObject: {fileID: 8875418328191648466}
  m_Material: {fileID: 13400000, guid: a7d886f5fda3492439e25158aede74a5, type: 2}
  m_IsTrigger: 0
  m_Enabled: 1
  serializedVersion: 2
  m_Size: {x: 0.49933863, y: 1, z: 1.0000002}
  m_Center: {x: 0, y: 0.5, z: 0}
--- !u!65 &3643110035313362870
BoxCollider:
  m_ObjectHideFlags: 0
  m_CorrespondingSourceObject: {fileID: 0}
  m_PrefabInstance: {fileID: 0}
  m_PrefabAsset: {fileID: 0}
  m_GameObject: {fileID: 8875418328509964868}
  m_Material: {fileID: 13400000, guid: a7d886f5fda3492439e25158aede74a5, type: 2}
  m_IsTrigger: 0
  m_Enabled: 1
  serializedVersion: 2
  m_Size: {x: 0.4993385, y: 1, z: 1}
  m_Center: {x: 0, y: 0.5, z: 0}
--- !u!65 &3643110035036402246
BoxCollider:
  m_ObjectHideFlags: 0
  m_CorrespondingSourceObject: {fileID: 0}
  m_PrefabInstance: {fileID: 0}
  m_PrefabAsset: {fileID: 0}
  m_GameObject: {fileID: 8875418328769828788}
  m_Material: {fileID: 13400000, guid: a7d886f5fda3492439e25158aede74a5, type: 2}
  m_IsTrigger: 0
  m_Enabled: 1
  serializedVersion: 2
  m_Size: {x: 0.49933863, y: 1, z: 1.0000002}
  m_Center: {x: 0, y: 0.5, z: 0}
--- !u!65 &3643110034340041896
BoxCollider:
  m_ObjectHideFlags: 0
  m_CorrespondingSourceObject: {fileID: 0}
  m_PrefabInstance: {fileID: 0}
  m_PrefabAsset: {fileID: 0}
  m_GameObject: {fileID: 8875418329069629790}
  m_Material: {fileID: 13400000, guid: a7d886f5fda3492439e25158aede74a5, type: 2}
  m_IsTrigger: 0
  m_Enabled: 1
  serializedVersion: 2
  m_Size: {x: 0.4993385, y: 1, z: 1}
  m_Center: {x: 0, y: 0.5, z: 0}
--- !u!65 &3300774108081092622
BoxCollider:
  m_ObjectHideFlags: 0
  m_CorrespondingSourceObject: {fileID: 0}
  m_PrefabInstance: {fileID: 0}
  m_PrefabAsset: {fileID: 0}
  m_GameObject: {fileID: 8946881887449148825}
  m_Material: {fileID: 0}
  m_IsTrigger: 0
  m_Enabled: 1
  serializedVersion: 2
  m_Size: {x: 2.8570797, y: 0.86149555, z: 1.4271606}
  m_Center: {x: 0.0023927693, y: 0.42925236, z: 0.019799}
--- !u!1001 &3072112076373203203
PrefabInstance:
  m_ObjectHideFlags: 0
  serializedVersion: 2
  m_Modification:
    m_TransformParent: {fileID: 3643110034917246797}
    m_Modifications:
    - target: {fileID: 7432622557476056704, guid: cb9bc6b96d830b64293c9fdff99b1743, type: 3}
      propertyPath: m_Name
      value: Shelf (1)
      objectReference: {fileID: 0}
    - target: {fileID: 7432622557476287136, guid: cb9bc6b96d830b64293c9fdff99b1743, type: 3}
      propertyPath: m_RootOrder
      value: 8
      objectReference: {fileID: 0}
    - target: {fileID: 7432622557476287136, guid: cb9bc6b96d830b64293c9fdff99b1743, type: 3}
      propertyPath: m_LocalScale.x
      value: 1.5
      objectReference: {fileID: 0}
    - target: {fileID: 7432622557476287136, guid: cb9bc6b96d830b64293c9fdff99b1743, type: 3}
      propertyPath: m_LocalScale.y
      value: 1.5
      objectReference: {fileID: 0}
    - target: {fileID: 7432622557476287136, guid: cb9bc6b96d830b64293c9fdff99b1743, type: 3}
      propertyPath: m_LocalScale.z
      value: 1.5
      objectReference: {fileID: 0}
    - target: {fileID: 7432622557476287136, guid: cb9bc6b96d830b64293c9fdff99b1743, type: 3}
      propertyPath: m_LocalPosition.x
      value: 4.44
      objectReference: {fileID: 0}
    - target: {fileID: 7432622557476287136, guid: cb9bc6b96d830b64293c9fdff99b1743, type: 3}
      propertyPath: m_LocalPosition.y
      value: -0.00000023841858
      objectReference: {fileID: 0}
    - target: {fileID: 7432622557476287136, guid: cb9bc6b96d830b64293c9fdff99b1743, type: 3}
      propertyPath: m_LocalPosition.z
      value: -2.17
      objectReference: {fileID: 0}
    - target: {fileID: 7432622557476287136, guid: cb9bc6b96d830b64293c9fdff99b1743, type: 3}
      propertyPath: m_LocalRotation.w
      value: 0.7071068
      objectReference: {fileID: 0}
    - target: {fileID: 7432622557476287136, guid: cb9bc6b96d830b64293c9fdff99b1743, type: 3}
      propertyPath: m_LocalRotation.x
      value: 0
      objectReference: {fileID: 0}
    - target: {fileID: 7432622557476287136, guid: cb9bc6b96d830b64293c9fdff99b1743, type: 3}
      propertyPath: m_LocalRotation.y
      value: -0.7071068
      objectReference: {fileID: 0}
    - target: {fileID: 7432622557476287136, guid: cb9bc6b96d830b64293c9fdff99b1743, type: 3}
      propertyPath: m_LocalRotation.z
      value: 0
      objectReference: {fileID: 0}
    - target: {fileID: 7432622557476287136, guid: cb9bc6b96d830b64293c9fdff99b1743, type: 3}
      propertyPath: m_LocalEulerAnglesHint.x
      value: 0
      objectReference: {fileID: 0}
    - target: {fileID: 7432622557476287136, guid: cb9bc6b96d830b64293c9fdff99b1743, type: 3}
      propertyPath: m_LocalEulerAnglesHint.y
      value: -90
      objectReference: {fileID: 0}
    - target: {fileID: 7432622557476287136, guid: cb9bc6b96d830b64293c9fdff99b1743, type: 3}
      propertyPath: m_LocalEulerAnglesHint.z
      value: 0
      objectReference: {fileID: 0}
    m_RemovedComponents:
    - {fileID: 7432622557476056707, guid: cb9bc6b96d830b64293c9fdff99b1743, type: 3}
  m_SourcePrefab: {fileID: 100100000, guid: cb9bc6b96d830b64293c9fdff99b1743, type: 3}
--- !u!1 &5586626818636773251 stripped
GameObject:
  m_CorrespondingSourceObject: {fileID: 7432622557476056704, guid: cb9bc6b96d830b64293c9fdff99b1743, type: 3}
  m_PrefabInstance: {fileID: 3072112076373203203}
  m_PrefabAsset: {fileID: 0}
--- !u!4 &5586626818636802979 stripped
Transform:
  m_CorrespondingSourceObject: {fileID: 7432622557476287136, guid: cb9bc6b96d830b64293c9fdff99b1743, type: 3}
  m_PrefabInstance: {fileID: 3072112076373203203}
  m_PrefabAsset: {fileID: 0}
--- !u!1001 &3643110033673776293
PrefabInstance:
  m_ObjectHideFlags: 0
  serializedVersion: 2
  m_Modification:
    m_TransformParent: {fileID: 5185551413954527337}
    m_Modifications:
    - target: {fileID: 6172644841539846436, guid: 5b07ad82ed27103478611776f4689730, type: 3}
      propertyPath: m_Name
      value: Suelo (1)
      objectReference: {fileID: 0}
    - target: {fileID: 6172644841539846436, guid: 5b07ad82ed27103478611776f4689730, type: 3}
      propertyPath: m_Layer
      value: 3
      objectReference: {fileID: 0}
    - target: {fileID: 6172644841539846436, guid: 5b07ad82ed27103478611776f4689730, type: 3}
      propertyPath: m_StaticEditorFlags
      value: 4294967295
      objectReference: {fileID: 0}
    - target: {fileID: 6837154088137857950, guid: 5b07ad82ed27103478611776f4689730, type: 3}
      propertyPath: m_RootOrder
      value: 5
      objectReference: {fileID: 0}
    - target: {fileID: 6837154088137857950, guid: 5b07ad82ed27103478611776f4689730, type: 3}
      propertyPath: m_LocalScale.x
      value: 10
      objectReference: {fileID: 0}
    - target: {fileID: 6837154088137857950, guid: 5b07ad82ed27103478611776f4689730, type: 3}
      propertyPath: m_LocalScale.y
      value: 0.5
      objectReference: {fileID: 0}
    - target: {fileID: 6837154088137857950, guid: 5b07ad82ed27103478611776f4689730, type: 3}
      propertyPath: m_LocalScale.z
      value: 10
      objectReference: {fileID: 0}
    - target: {fileID: 6837154088137857950, guid: 5b07ad82ed27103478611776f4689730, type: 3}
      propertyPath: m_LocalPosition.x
      value: 0
      objectReference: {fileID: 0}
    - target: {fileID: 6837154088137857950, guid: 5b07ad82ed27103478611776f4689730, type: 3}
      propertyPath: m_LocalPosition.y
      value: 8
      objectReference: {fileID: 0}
    - target: {fileID: 6837154088137857950, guid: 5b07ad82ed27103478611776f4689730, type: 3}
      propertyPath: m_LocalPosition.z
      value: 0
      objectReference: {fileID: 0}
    - target: {fileID: 6837154088137857950, guid: 5b07ad82ed27103478611776f4689730, type: 3}
      propertyPath: m_LocalRotation.w
      value: 1
      objectReference: {fileID: 0}
    - target: {fileID: 6837154088137857950, guid: 5b07ad82ed27103478611776f4689730, type: 3}
      propertyPath: m_LocalRotation.x
      value: -0
      objectReference: {fileID: 0}
    - target: {fileID: 6837154088137857950, guid: 5b07ad82ed27103478611776f4689730, type: 3}
      propertyPath: m_LocalRotation.y
      value: -0
      objectReference: {fileID: 0}
    - target: {fileID: 6837154088137857950, guid: 5b07ad82ed27103478611776f4689730, type: 3}
      propertyPath: m_LocalRotation.z
      value: -0
      objectReference: {fileID: 0}
    - target: {fileID: 6837154088137857950, guid: 5b07ad82ed27103478611776f4689730, type: 3}
      propertyPath: m_LocalEulerAnglesHint.x
      value: 0
      objectReference: {fileID: 0}
    - target: {fileID: 6837154088137857950, guid: 5b07ad82ed27103478611776f4689730, type: 3}
      propertyPath: m_LocalEulerAnglesHint.y
      value: 0
      objectReference: {fileID: 0}
    - target: {fileID: 6837154088137857950, guid: 5b07ad82ed27103478611776f4689730, type: 3}
      propertyPath: m_LocalEulerAnglesHint.z
      value: 0
      objectReference: {fileID: 0}
    m_RemovedComponents: []
  m_SourcePrefab: {fileID: 100100000, guid: 5b07ad82ed27103478611776f4689730, type: 3}
--- !u!4 &7812793369974306619 stripped
Transform:
  m_CorrespondingSourceObject: {fileID: 6837154088137857950, guid: 5b07ad82ed27103478611776f4689730, type: 3}
  m_PrefabInstance: {fileID: 3643110033673776293}
  m_PrefabAsset: {fileID: 0}
--- !u!1 &7432996028278123905 stripped
GameObject:
  m_CorrespondingSourceObject: {fileID: 6172644841539846436, guid: 5b07ad82ed27103478611776f4689730, type: 3}
  m_PrefabInstance: {fileID: 3643110033673776293}
  m_PrefabAsset: {fileID: 0}
--- !u!1001 &3643110034188066603
PrefabInstance:
  m_ObjectHideFlags: 0
  serializedVersion: 2
  m_Modification:
    m_TransformParent: {fileID: 5185551413954527337}
    m_Modifications:
    - target: {fileID: 6172644841539846436, guid: 5b07ad82ed27103478611776f4689730, type: 3}
      propertyPath: m_Name
      value: Suelo
      objectReference: {fileID: 0}
    - target: {fileID: 6172644841539846436, guid: 5b07ad82ed27103478611776f4689730, type: 3}
      propertyPath: m_Layer
      value: 3
      objectReference: {fileID: 0}
    - target: {fileID: 6172644841539846436, guid: 5b07ad82ed27103478611776f4689730, type: 3}
      propertyPath: m_StaticEditorFlags
      value: 4294967295
      objectReference: {fileID: 0}
    - target: {fileID: 6837154088137857950, guid: 5b07ad82ed27103478611776f4689730, type: 3}
      propertyPath: m_RootOrder
      value: 1
      objectReference: {fileID: 0}
    - target: {fileID: 6837154088137857950, guid: 5b07ad82ed27103478611776f4689730, type: 3}
      propertyPath: m_LocalScale.x
      value: 10
      objectReference: {fileID: 0}
    - target: {fileID: 6837154088137857950, guid: 5b07ad82ed27103478611776f4689730, type: 3}
      propertyPath: m_LocalScale.y
      value: 0.5
      objectReference: {fileID: 0}
    - target: {fileID: 6837154088137857950, guid: 5b07ad82ed27103478611776f4689730, type: 3}
      propertyPath: m_LocalScale.z
      value: 10
      objectReference: {fileID: 0}
    - target: {fileID: 6837154088137857950, guid: 5b07ad82ed27103478611776f4689730, type: 3}
      propertyPath: m_LocalPosition.x
      value: 0
      objectReference: {fileID: 0}
    - target: {fileID: 6837154088137857950, guid: 5b07ad82ed27103478611776f4689730, type: 3}
      propertyPath: m_LocalPosition.y
      value: 0
      objectReference: {fileID: 0}
    - target: {fileID: 6837154088137857950, guid: 5b07ad82ed27103478611776f4689730, type: 3}
      propertyPath: m_LocalPosition.z
      value: 0
      objectReference: {fileID: 0}
    - target: {fileID: 6837154088137857950, guid: 5b07ad82ed27103478611776f4689730, type: 3}
      propertyPath: m_LocalRotation.w
      value: 1
      objectReference: {fileID: 0}
    - target: {fileID: 6837154088137857950, guid: 5b07ad82ed27103478611776f4689730, type: 3}
      propertyPath: m_LocalRotation.x
      value: -0
      objectReference: {fileID: 0}
    - target: {fileID: 6837154088137857950, guid: 5b07ad82ed27103478611776f4689730, type: 3}
      propertyPath: m_LocalRotation.y
      value: -0
      objectReference: {fileID: 0}
    - target: {fileID: 6837154088137857950, guid: 5b07ad82ed27103478611776f4689730, type: 3}
      propertyPath: m_LocalRotation.z
      value: -0
      objectReference: {fileID: 0}
    - target: {fileID: 6837154088137857950, guid: 5b07ad82ed27103478611776f4689730, type: 3}
      propertyPath: m_LocalEulerAnglesHint.x
      value: 0
      objectReference: {fileID: 0}
    - target: {fileID: 6837154088137857950, guid: 5b07ad82ed27103478611776f4689730, type: 3}
      propertyPath: m_LocalEulerAnglesHint.y
      value: 0
      objectReference: {fileID: 0}
    - target: {fileID: 6837154088137857950, guid: 5b07ad82ed27103478611776f4689730, type: 3}
      propertyPath: m_LocalEulerAnglesHint.z
      value: 0
      objectReference: {fileID: 0}
    m_RemovedComponents: []
  m_SourcePrefab: {fileID: 100100000, guid: 5b07ad82ed27103478611776f4689730, type: 3}
--- !u!1 &7432996028805127695 stripped
GameObject:
  m_CorrespondingSourceObject: {fileID: 6172644841539846436, guid: 5b07ad82ed27103478611776f4689730, type: 3}
  m_PrefabInstance: {fileID: 3643110034188066603}
  m_PrefabAsset: {fileID: 0}
--- !u!4 &7812793370553730229 stripped
Transform:
  m_CorrespondingSourceObject: {fileID: 6837154088137857950, guid: 5b07ad82ed27103478611776f4689730, type: 3}
  m_PrefabInstance: {fileID: 3643110034188066603}
  m_PrefabAsset: {fileID: 0}
--- !u!1001 &3643110034340041899
PrefabInstance:
  m_ObjectHideFlags: 0
  serializedVersion: 2
  m_Modification:
    m_TransformParent: {fileID: 5185551413954527337}
    m_Modifications:
    - target: {fileID: 4823051842707537743, guid: d1056a707aa40914e8501f5c13162736, type: 3}
      propertyPath: m_RootOrder
      value: 0
      objectReference: {fileID: 0}
    - target: {fileID: 4823051842707537743, guid: d1056a707aa40914e8501f5c13162736, type: 3}
      propertyPath: m_LocalScale.x
      value: 0.5
      objectReference: {fileID: 0}
    - target: {fileID: 4823051842707537743, guid: d1056a707aa40914e8501f5c13162736, type: 3}
      propertyPath: m_LocalScale.y
      value: 8
      objectReference: {fileID: 0}
    - target: {fileID: 4823051842707537743, guid: d1056a707aa40914e8501f5c13162736, type: 3}
      propertyPath: m_LocalScale.z
      value: 10
      objectReference: {fileID: 0}
    - target: {fileID: 4823051842707537743, guid: d1056a707aa40914e8501f5c13162736, type: 3}
      propertyPath: m_LocalPosition.x
      value: 5
      objectReference: {fileID: 0}
    - target: {fileID: 4823051842707537743, guid: d1056a707aa40914e8501f5c13162736, type: 3}
      propertyPath: m_LocalPosition.y
      value: 0
      objectReference: {fileID: 0}
    - target: {fileID: 4823051842707537743, guid: d1056a707aa40914e8501f5c13162736, type: 3}
      propertyPath: m_LocalPosition.z
      value: 0
      objectReference: {fileID: 0}
    - target: {fileID: 4823051842707537743, guid: d1056a707aa40914e8501f5c13162736, type: 3}
      propertyPath: m_LocalRotation.w
      value: 1
      objectReference: {fileID: 0}
    - target: {fileID: 4823051842707537743, guid: d1056a707aa40914e8501f5c13162736, type: 3}
      propertyPath: m_LocalRotation.x
      value: -0
      objectReference: {fileID: 0}
    - target: {fileID: 4823051842707537743, guid: d1056a707aa40914e8501f5c13162736, type: 3}
      propertyPath: m_LocalRotation.y
      value: -0
      objectReference: {fileID: 0}
    - target: {fileID: 4823051842707537743, guid: d1056a707aa40914e8501f5c13162736, type: 3}
      propertyPath: m_LocalRotation.z
      value: -0
      objectReference: {fileID: 0}
    - target: {fileID: 4823051842707537743, guid: d1056a707aa40914e8501f5c13162736, type: 3}
      propertyPath: m_LocalEulerAnglesHint.x
      value: 0
      objectReference: {fileID: 0}
    - target: {fileID: 4823051842707537743, guid: d1056a707aa40914e8501f5c13162736, type: 3}
      propertyPath: m_LocalEulerAnglesHint.y
      value: 0
      objectReference: {fileID: 0}
    - target: {fileID: 4823051842707537743, guid: d1056a707aa40914e8501f5c13162736, type: 3}
      propertyPath: m_LocalEulerAnglesHint.z
      value: 0
      objectReference: {fileID: 0}
    - target: {fileID: 5306714481652426229, guid: d1056a707aa40914e8501f5c13162736, type: 3}
      propertyPath: m_Name
      value: Pared
      objectReference: {fileID: 0}
    - target: {fileID: 5306714481652426229, guid: d1056a707aa40914e8501f5c13162736, type: 3}
      propertyPath: m_Layer
      value: 3
      objectReference: {fileID: 0}
    - target: {fileID: 5306714481652426229, guid: d1056a707aa40914e8501f5c13162736, type: 3}
      propertyPath: m_TagString
      value: Untagged
      objectReference: {fileID: 0}
    - target: {fileID: 5306714481652426229, guid: d1056a707aa40914e8501f5c13162736, type: 3}
      propertyPath: m_StaticEditorFlags
      value: 4294967295
      objectReference: {fileID: 0}
    m_RemovedComponents: []
  m_SourcePrefab: {fileID: 100100000, guid: d1056a707aa40914e8501f5c13162736, type: 3}
--- !u!4 &8097473636935396324 stripped
Transform:
  m_CorrespondingSourceObject: {fileID: 4823051842707537743, guid: d1056a707aa40914e8501f5c13162736, type: 3}
  m_PrefabInstance: {fileID: 3643110034340041899}
  m_PrefabAsset: {fileID: 0}
--- !u!1 &8875418329069629790 stripped
GameObject:
  m_CorrespondingSourceObject: {fileID: 5306714481652426229, guid: d1056a707aa40914e8501f5c13162736, type: 3}
  m_PrefabInstance: {fileID: 3643110034340041899}
  m_PrefabAsset: {fileID: 0}
--- !u!1001 &3643110035036402241
PrefabInstance:
  m_ObjectHideFlags: 0
  serializedVersion: 2
  m_Modification:
    m_TransformParent: {fileID: 5185551413954527337}
    m_Modifications:
    - target: {fileID: 4823051842707537743, guid: d1056a707aa40914e8501f5c13162736, type: 3}
      propertyPath: m_RootOrder
      value: 4
      objectReference: {fileID: 0}
    - target: {fileID: 4823051842707537743, guid: d1056a707aa40914e8501f5c13162736, type: 3}
      propertyPath: m_LocalScale.x
      value: 0.5
      objectReference: {fileID: 0}
    - target: {fileID: 4823051842707537743, guid: d1056a707aa40914e8501f5c13162736, type: 3}
      propertyPath: m_LocalScale.y
      value: 8
      objectReference: {fileID: 0}
    - target: {fileID: 4823051842707537743, guid: d1056a707aa40914e8501f5c13162736, type: 3}
      propertyPath: m_LocalScale.z
      value: 10
      objectReference: {fileID: 0}
    - target: {fileID: 4823051842707537743, guid: d1056a707aa40914e8501f5c13162736, type: 3}
      propertyPath: m_LocalPosition.x
      value: 0
      objectReference: {fileID: 0}
    - target: {fileID: 4823051842707537743, guid: d1056a707aa40914e8501f5c13162736, type: 3}
      propertyPath: m_LocalPosition.y
      value: 0
      objectReference: {fileID: 0}
    - target: {fileID: 4823051842707537743, guid: d1056a707aa40914e8501f5c13162736, type: 3}
      propertyPath: m_LocalPosition.z
      value: -5
      objectReference: {fileID: 0}
    - target: {fileID: 4823051842707537743, guid: d1056a707aa40914e8501f5c13162736, type: 3}
      propertyPath: m_LocalRotation.w
      value: 0.7071068
      objectReference: {fileID: 0}
    - target: {fileID: 4823051842707537743, guid: d1056a707aa40914e8501f5c13162736, type: 3}
      propertyPath: m_LocalRotation.x
      value: -0
      objectReference: {fileID: 0}
    - target: {fileID: 4823051842707537743, guid: d1056a707aa40914e8501f5c13162736, type: 3}
      propertyPath: m_LocalRotation.y
      value: 0.7071068
      objectReference: {fileID: 0}
    - target: {fileID: 4823051842707537743, guid: d1056a707aa40914e8501f5c13162736, type: 3}
      propertyPath: m_LocalRotation.z
      value: -0
      objectReference: {fileID: 0}
    - target: {fileID: 4823051842707537743, guid: d1056a707aa40914e8501f5c13162736, type: 3}
      propertyPath: m_LocalEulerAnglesHint.x
      value: 0
      objectReference: {fileID: 0}
    - target: {fileID: 4823051842707537743, guid: d1056a707aa40914e8501f5c13162736, type: 3}
      propertyPath: m_LocalEulerAnglesHint.y
      value: 90
      objectReference: {fileID: 0}
    - target: {fileID: 4823051842707537743, guid: d1056a707aa40914e8501f5c13162736, type: 3}
      propertyPath: m_LocalEulerAnglesHint.z
      value: 0
      objectReference: {fileID: 0}
    - target: {fileID: 5306714481652426229, guid: d1056a707aa40914e8501f5c13162736, type: 3}
      propertyPath: m_Name
      value: Pared (3)
      objectReference: {fileID: 0}
    - target: {fileID: 5306714481652426229, guid: d1056a707aa40914e8501f5c13162736, type: 3}
      propertyPath: m_Layer
      value: 3
      objectReference: {fileID: 0}
    - target: {fileID: 5306714481652426229, guid: d1056a707aa40914e8501f5c13162736, type: 3}
      propertyPath: m_TagString
      value: Untagged
      objectReference: {fileID: 0}
    - target: {fileID: 5306714481652426229, guid: d1056a707aa40914e8501f5c13162736, type: 3}
      propertyPath: m_StaticEditorFlags
      value: 4294967295
      objectReference: {fileID: 0}
    m_RemovedComponents: []
  m_SourcePrefab: {fileID: 100100000, guid: d1056a707aa40914e8501f5c13162736, type: 3}
--- !u!4 &8097473636302146830 stripped
Transform:
  m_CorrespondingSourceObject: {fileID: 4823051842707537743, guid: d1056a707aa40914e8501f5c13162736, type: 3}
  m_PrefabInstance: {fileID: 3643110035036402241}
  m_PrefabAsset: {fileID: 0}
--- !u!1 &8875418328769828788 stripped
GameObject:
  m_CorrespondingSourceObject: {fileID: 5306714481652426229, guid: d1056a707aa40914e8501f5c13162736, type: 3}
  m_PrefabInstance: {fileID: 3643110035036402241}
  m_PrefabAsset: {fileID: 0}
--- !u!1001 &3643110035313362865
PrefabInstance:
  m_ObjectHideFlags: 0
  serializedVersion: 2
  m_Modification:
    m_TransformParent: {fileID: 5185551413954527337}
    m_Modifications:
    - target: {fileID: 4823051842707537743, guid: d1056a707aa40914e8501f5c13162736, type: 3}
      propertyPath: m_RootOrder
      value: 2
      objectReference: {fileID: 0}
    - target: {fileID: 4823051842707537743, guid: d1056a707aa40914e8501f5c13162736, type: 3}
      propertyPath: m_LocalScale.x
      value: 0.5
      objectReference: {fileID: 0}
    - target: {fileID: 4823051842707537743, guid: d1056a707aa40914e8501f5c13162736, type: 3}
      propertyPath: m_LocalScale.y
      value: 8
      objectReference: {fileID: 0}
    - target: {fileID: 4823051842707537743, guid: d1056a707aa40914e8501f5c13162736, type: 3}
      propertyPath: m_LocalScale.z
      value: 10
      objectReference: {fileID: 0}
    - target: {fileID: 4823051842707537743, guid: d1056a707aa40914e8501f5c13162736, type: 3}
      propertyPath: m_LocalPosition.x
      value: -5
      objectReference: {fileID: 0}
    - target: {fileID: 4823051842707537743, guid: d1056a707aa40914e8501f5c13162736, type: 3}
      propertyPath: m_LocalPosition.y
      value: 0
      objectReference: {fileID: 0}
    - target: {fileID: 4823051842707537743, guid: d1056a707aa40914e8501f5c13162736, type: 3}
      propertyPath: m_LocalPosition.z
      value: 0
      objectReference: {fileID: 0}
    - target: {fileID: 4823051842707537743, guid: d1056a707aa40914e8501f5c13162736, type: 3}
      propertyPath: m_LocalRotation.w
      value: 1
      objectReference: {fileID: 0}
    - target: {fileID: 4823051842707537743, guid: d1056a707aa40914e8501f5c13162736, type: 3}
      propertyPath: m_LocalRotation.x
      value: -0
      objectReference: {fileID: 0}
    - target: {fileID: 4823051842707537743, guid: d1056a707aa40914e8501f5c13162736, type: 3}
      propertyPath: m_LocalRotation.y
      value: -0
      objectReference: {fileID: 0}
    - target: {fileID: 4823051842707537743, guid: d1056a707aa40914e8501f5c13162736, type: 3}
      propertyPath: m_LocalRotation.z
      value: -0
      objectReference: {fileID: 0}
    - target: {fileID: 4823051842707537743, guid: d1056a707aa40914e8501f5c13162736, type: 3}
      propertyPath: m_LocalEulerAnglesHint.x
      value: 0
      objectReference: {fileID: 0}
    - target: {fileID: 4823051842707537743, guid: d1056a707aa40914e8501f5c13162736, type: 3}
      propertyPath: m_LocalEulerAnglesHint.y
      value: 0
      objectReference: {fileID: 0}
    - target: {fileID: 4823051842707537743, guid: d1056a707aa40914e8501f5c13162736, type: 3}
      propertyPath: m_LocalEulerAnglesHint.z
      value: 0
      objectReference: {fileID: 0}
    - target: {fileID: 5306714481652426229, guid: d1056a707aa40914e8501f5c13162736, type: 3}
      propertyPath: m_Name
      value: Pared (1)
      objectReference: {fileID: 0}
    - target: {fileID: 5306714481652426229, guid: d1056a707aa40914e8501f5c13162736, type: 3}
      propertyPath: m_Layer
      value: 3
      objectReference: {fileID: 0}
    - target: {fileID: 5306714481652426229, guid: d1056a707aa40914e8501f5c13162736, type: 3}
      propertyPath: m_TagString
      value: Untagged
      objectReference: {fileID: 0}
    - target: {fileID: 5306714481652426229, guid: d1056a707aa40914e8501f5c13162736, type: 3}
      propertyPath: m_StaticEditorFlags
      value: 4294967295
      objectReference: {fileID: 0}
    m_RemovedComponents: []
  m_SourcePrefab: {fileID: 100100000, guid: d1056a707aa40914e8501f5c13162736, type: 3}
--- !u!1 &8875418328509964868 stripped
GameObject:
  m_CorrespondingSourceObject: {fileID: 5306714481652426229, guid: d1056a707aa40914e8501f5c13162736, type: 3}
  m_PrefabInstance: {fileID: 3643110035313362865}
  m_PrefabAsset: {fileID: 0}
--- !u!4 &8097473635488610558 stripped
Transform:
  m_CorrespondingSourceObject: {fileID: 4823051842707537743, guid: d1056a707aa40914e8501f5c13162736, type: 3}
  m_PrefabInstance: {fileID: 3643110035313362865}
  m_PrefabAsset: {fileID: 0}
--- !u!1001 &3643110035425837990
PrefabInstance:
  m_ObjectHideFlags: 0
  serializedVersion: 2
  m_Modification:
    m_TransformParent: {fileID: 5185551413954527337}
    m_Modifications:
    - target: {fileID: 5077228835097697104, guid: bf7ee90efe5228344a8436396b882374, type: 3}
      propertyPath: m_Name
      value: Blue
      objectReference: {fileID: 0}
    - target: {fileID: 5860746107460652704, guid: bf7ee90efe5228344a8436396b882374, type: 3}
      propertyPath: m_RootOrder
      value: 6
      objectReference: {fileID: 0}
    - target: {fileID: 5860746107460652704, guid: bf7ee90efe5228344a8436396b882374, type: 3}
      propertyPath: m_LocalPosition.x
      value: 0
      objectReference: {fileID: 0}
    - target: {fileID: 5860746107460652704, guid: bf7ee90efe5228344a8436396b882374, type: 3}
      propertyPath: m_LocalPosition.y
      value: 6
      objectReference: {fileID: 0}
    - target: {fileID: 5860746107460652704, guid: bf7ee90efe5228344a8436396b882374, type: 3}
      propertyPath: m_LocalPosition.z
      value: -4.734
      objectReference: {fileID: 0}
    - target: {fileID: 5860746107460652704, guid: bf7ee90efe5228344a8436396b882374, type: 3}
      propertyPath: m_LocalRotation.w
      value: 1
      objectReference: {fileID: 0}
    - target: {fileID: 5860746107460652704, guid: bf7ee90efe5228344a8436396b882374, type: 3}
      propertyPath: m_LocalRotation.x
      value: 0
      objectReference: {fileID: 0}
    - target: {fileID: 5860746107460652704, guid: bf7ee90efe5228344a8436396b882374, type: 3}
      propertyPath: m_LocalRotation.y
      value: 0
      objectReference: {fileID: 0}
    - target: {fileID: 5860746107460652704, guid: bf7ee90efe5228344a8436396b882374, type: 3}
      propertyPath: m_LocalRotation.z
      value: 0
      objectReference: {fileID: 0}
    - target: {fileID: 5860746107460652704, guid: bf7ee90efe5228344a8436396b882374, type: 3}
      propertyPath: m_LocalEulerAnglesHint.x
      value: 0
      objectReference: {fileID: 0}
    - target: {fileID: 5860746107460652704, guid: bf7ee90efe5228344a8436396b882374, type: 3}
      propertyPath: m_LocalEulerAnglesHint.y
      value: 0
      objectReference: {fileID: 0}
    - target: {fileID: 5860746107460652704, guid: bf7ee90efe5228344a8436396b882374, type: 3}
      propertyPath: m_LocalEulerAnglesHint.z
      value: 0
      objectReference: {fileID: 0}
    m_RemovedComponents: []
  m_SourcePrefab: {fileID: 100100000, guid: bf7ee90efe5228344a8436396b882374, type: 3}
--- !u!4 &7195451267781872902 stripped
Transform:
  m_CorrespondingSourceObject: {fileID: 5860746107460652704, guid: bf7ee90efe5228344a8436396b882374, type: 3}
  m_PrefabInstance: {fileID: 3643110035425837990}
  m_PrefabAsset: {fileID: 0}
--- !u!1001 &3643110035632596775
PrefabInstance:
  m_ObjectHideFlags: 0
  serializedVersion: 2
  m_Modification:
    m_TransformParent: {fileID: 5185551413954527337}
    m_Modifications:
    - target: {fileID: 4823051842707537743, guid: d1056a707aa40914e8501f5c13162736, type: 3}
      propertyPath: m_RootOrder
      value: 3
      objectReference: {fileID: 0}
    - target: {fileID: 4823051842707537743, guid: d1056a707aa40914e8501f5c13162736, type: 3}
      propertyPath: m_LocalScale.x
      value: 0.5
      objectReference: {fileID: 0}
    - target: {fileID: 4823051842707537743, guid: d1056a707aa40914e8501f5c13162736, type: 3}
      propertyPath: m_LocalScale.y
      value: 8
      objectReference: {fileID: 0}
    - target: {fileID: 4823051842707537743, guid: d1056a707aa40914e8501f5c13162736, type: 3}
      propertyPath: m_LocalScale.z
      value: 10
      objectReference: {fileID: 0}
    - target: {fileID: 4823051842707537743, guid: d1056a707aa40914e8501f5c13162736, type: 3}
      propertyPath: m_LocalPosition.x
      value: 0
      objectReference: {fileID: 0}
    - target: {fileID: 4823051842707537743, guid: d1056a707aa40914e8501f5c13162736, type: 3}
      propertyPath: m_LocalPosition.y
      value: 0
      objectReference: {fileID: 0}
    - target: {fileID: 4823051842707537743, guid: d1056a707aa40914e8501f5c13162736, type: 3}
      propertyPath: m_LocalPosition.z
      value: 5
      objectReference: {fileID: 0}
    - target: {fileID: 4823051842707537743, guid: d1056a707aa40914e8501f5c13162736, type: 3}
      propertyPath: m_LocalRotation.w
      value: 0.7071068
      objectReference: {fileID: 0}
    - target: {fileID: 4823051842707537743, guid: d1056a707aa40914e8501f5c13162736, type: 3}
      propertyPath: m_LocalRotation.x
      value: -0
      objectReference: {fileID: 0}
    - target: {fileID: 4823051842707537743, guid: d1056a707aa40914e8501f5c13162736, type: 3}
      propertyPath: m_LocalRotation.y
      value: 0.7071068
      objectReference: {fileID: 0}
    - target: {fileID: 4823051842707537743, guid: d1056a707aa40914e8501f5c13162736, type: 3}
      propertyPath: m_LocalRotation.z
      value: -0
      objectReference: {fileID: 0}
    - target: {fileID: 4823051842707537743, guid: d1056a707aa40914e8501f5c13162736, type: 3}
      propertyPath: m_LocalEulerAnglesHint.x
      value: 0
      objectReference: {fileID: 0}
    - target: {fileID: 4823051842707537743, guid: d1056a707aa40914e8501f5c13162736, type: 3}
      propertyPath: m_LocalEulerAnglesHint.y
      value: 90
      objectReference: {fileID: 0}
    - target: {fileID: 4823051842707537743, guid: d1056a707aa40914e8501f5c13162736, type: 3}
      propertyPath: m_LocalEulerAnglesHint.z
      value: 0
      objectReference: {fileID: 0}
    - target: {fileID: 5306714481652426229, guid: d1056a707aa40914e8501f5c13162736, type: 3}
      propertyPath: m_Name
      value: Pared (2)
      objectReference: {fileID: 0}
    - target: {fileID: 5306714481652426229, guid: d1056a707aa40914e8501f5c13162736, type: 3}
      propertyPath: m_Layer
      value: 3
      objectReference: {fileID: 0}
    - target: {fileID: 5306714481652426229, guid: d1056a707aa40914e8501f5c13162736, type: 3}
      propertyPath: m_TagString
      value: DestroyableWall
      objectReference: {fileID: 0}
    - target: {fileID: 5306714481652426229, guid: d1056a707aa40914e8501f5c13162736, type: 3}
      propertyPath: m_StaticEditorFlags
      value: 4294967295
      objectReference: {fileID: 0}
    m_RemovedComponents: []
  m_SourcePrefab: {fileID: 100100000, guid: d1056a707aa40914e8501f5c13162736, type: 3}
--- !u!1 &8875418328191648466 stripped
GameObject:
  m_CorrespondingSourceObject: {fileID: 5306714481652426229, guid: d1056a707aa40914e8501f5c13162736, type: 3}
  m_PrefabInstance: {fileID: 3643110035632596775}
  m_PrefabAsset: {fileID: 0}
--- !u!4 &8097473635774273640 stripped
Transform:
  m_CorrespondingSourceObject: {fileID: 4823051842707537743, guid: d1056a707aa40914e8501f5c13162736, type: 3}
  m_PrefabInstance: {fileID: 3643110035632596775}
  m_PrefabAsset: {fileID: 0}
--- !u!1001 &5032399375181658072
PrefabInstance:
  m_ObjectHideFlags: 0
  serializedVersion: 2
  m_Modification:
    m_TransformParent: {fileID: 3643110034917246797}
    m_Modifications:
    - target: {fileID: 4179086729700039233, guid: ce285a7430946e24ca0a9218777a7805, type: 3}
      propertyPath: m_Name
      value: Table_Small
      objectReference: {fileID: 0}
    - target: {fileID: 4179086729700329057, guid: ce285a7430946e24ca0a9218777a7805, type: 3}
      propertyPath: m_RootOrder
      value: 4
      objectReference: {fileID: 0}
    - target: {fileID: 4179086729700329057, guid: ce285a7430946e24ca0a9218777a7805, type: 3}
      propertyPath: m_LocalPosition.x
      value: -3.56
      objectReference: {fileID: 0}
    - target: {fileID: 4179086729700329057, guid: ce285a7430946e24ca0a9218777a7805, type: 3}
      propertyPath: m_LocalPosition.y
      value: 0.00000047683716
      objectReference: {fileID: 0}
    - target: {fileID: 4179086729700329057, guid: ce285a7430946e24ca0a9218777a7805, type: 3}
      propertyPath: m_LocalPosition.z
      value: 0.12
      objectReference: {fileID: 0}
    - target: {fileID: 4179086729700329057, guid: ce285a7430946e24ca0a9218777a7805, type: 3}
      propertyPath: m_LocalRotation.w
      value: 0.7071068
      objectReference: {fileID: 0}
    - target: {fileID: 4179086729700329057, guid: ce285a7430946e24ca0a9218777a7805, type: 3}
      propertyPath: m_LocalRotation.x
      value: 0
      objectReference: {fileID: 0}
    - target: {fileID: 4179086729700329057, guid: ce285a7430946e24ca0a9218777a7805, type: 3}
      propertyPath: m_LocalRotation.y
      value: 0.7071068
      objectReference: {fileID: 0}
    - target: {fileID: 4179086729700329057, guid: ce285a7430946e24ca0a9218777a7805, type: 3}
      propertyPath: m_LocalRotation.z
      value: 0
      objectReference: {fileID: 0}
    - target: {fileID: 4179086729700329057, guid: ce285a7430946e24ca0a9218777a7805, type: 3}
      propertyPath: m_LocalEulerAnglesHint.x
      value: 0
      objectReference: {fileID: 0}
    - target: {fileID: 4179086729700329057, guid: ce285a7430946e24ca0a9218777a7805, type: 3}
      propertyPath: m_LocalEulerAnglesHint.y
      value: 90
      objectReference: {fileID: 0}
    - target: {fileID: 4179086729700329057, guid: ce285a7430946e24ca0a9218777a7805, type: 3}
      propertyPath: m_LocalEulerAnglesHint.z
      value: 0
      objectReference: {fileID: 0}
    m_RemovedComponents:
    - {fileID: 5195949714194962269, guid: ce285a7430946e24ca0a9218777a7805, type: 3}
  m_SourcePrefab: {fileID: 100100000, guid: ce285a7430946e24ca0a9218777a7805, type: 3}
--- !u!4 &8946881887449641401 stripped
Transform:
  m_CorrespondingSourceObject: {fileID: 4179086729700329057, guid: ce285a7430946e24ca0a9218777a7805, type: 3}
  m_PrefabInstance: {fileID: 5032399375181658072}
  m_PrefabAsset: {fileID: 0}
--- !u!1 &8946881887449148825 stripped
GameObject:
  m_CorrespondingSourceObject: {fileID: 4179086729700039233, guid: ce285a7430946e24ca0a9218777a7805, type: 3}
  m_PrefabInstance: {fileID: 5032399375181658072}
  m_PrefabAsset: {fileID: 0}
--- !u!1001 &5657204737135886058
PrefabInstance:
  m_ObjectHideFlags: 0
  serializedVersion: 2
  m_Modification:
    m_TransformParent: {fileID: 3643110034917246797}
    m_Modifications:
    - target: {fileID: 1149450743610261583, guid: dc02f77b0506f764c9d22c61c681c4af, type: 3}
      propertyPath: m_RootOrder
      value: 3
      objectReference: {fileID: 0}
    - target: {fileID: 1149450743610261583, guid: dc02f77b0506f764c9d22c61c681c4af, type: 3}
      propertyPath: m_LocalPosition.x
      value: -3.7994518
      objectReference: {fileID: 0}
    - target: {fileID: 1149450743610261583, guid: dc02f77b0506f764c9d22c61c681c4af, type: 3}
      propertyPath: m_LocalPosition.y
      value: 0.00000047683716
      objectReference: {fileID: 0}
    - target: {fileID: 1149450743610261583, guid: dc02f77b0506f764c9d22c61c681c4af, type: 3}
      propertyPath: m_LocalPosition.z
      value: -2.3690748
      objectReference: {fileID: 0}
    - target: {fileID: 1149450743610261583, guid: dc02f77b0506f764c9d22c61c681c4af, type: 3}
      propertyPath: m_LocalRotation.w
      value: 1
      objectReference: {fileID: 0}
    - target: {fileID: 1149450743610261583, guid: dc02f77b0506f764c9d22c61c681c4af, type: 3}
      propertyPath: m_LocalRotation.x
      value: -0
      objectReference: {fileID: 0}
    - target: {fileID: 1149450743610261583, guid: dc02f77b0506f764c9d22c61c681c4af, type: 3}
      propertyPath: m_LocalRotation.y
      value: -0
      objectReference: {fileID: 0}
    - target: {fileID: 1149450743610261583, guid: dc02f77b0506f764c9d22c61c681c4af, type: 3}
      propertyPath: m_LocalRotation.z
      value: -0
      objectReference: {fileID: 0}
    - target: {fileID: 1149450743610261583, guid: dc02f77b0506f764c9d22c61c681c4af, type: 3}
      propertyPath: m_LocalEulerAnglesHint.x
      value: -90
      objectReference: {fileID: 0}
    - target: {fileID: 1149450743610261583, guid: dc02f77b0506f764c9d22c61c681c4af, type: 3}
      propertyPath: m_LocalEulerAnglesHint.y
      value: 0
      objectReference: {fileID: 0}
    - target: {fileID: 1149450743610261583, guid: dc02f77b0506f764c9d22c61c681c4af, type: 3}
      propertyPath: m_LocalEulerAnglesHint.z
      value: 0
      objectReference: {fileID: 0}
    - target: {fileID: 1149450743610432623, guid: dc02f77b0506f764c9d22c61c681c4af, type: 3}
      propertyPath: m_Name
      value: Chair
      objectReference: {fileID: 0}
    m_RemovedComponents:
    - {fileID: 2122566037265000455, guid: dc02f77b0506f764c9d22c61c681c4af, type: 3}
  m_SourcePrefab: {fileID: 100100000, guid: dc02f77b0506f764c9d22c61c681c4af, type: 3}
--- !u!1 &4715768951300252293 stripped
GameObject:
  m_CorrespondingSourceObject: {fileID: 1149450743610432623, guid: dc02f77b0506f764c9d22c61c681c4af, type: 3}
  m_PrefabInstance: {fileID: 5657204737135886058}
  m_PrefabAsset: {fileID: 0}
--- !u!4 &4715768951300619941 stripped
Transform:
  m_CorrespondingSourceObject: {fileID: 1149450743610261583, guid: dc02f77b0506f764c9d22c61c681c4af, type: 3}
  m_PrefabInstance: {fileID: 5657204737135886058}
  m_PrefabAsset: {fileID: 0}
--- !u!1001 &5661264754960943272
PrefabInstance:
  m_ObjectHideFlags: 0
  serializedVersion: 2
  m_Modification:
    m_TransformParent: {fileID: 3643110034917246797}
    m_Modifications:
    - target: {fileID: 7432622557476056704, guid: cb9bc6b96d830b64293c9fdff99b1743, type: 3}
      propertyPath: m_Name
      value: Shelf
      objectReference: {fileID: 0}
    - target: {fileID: 7432622557476287136, guid: cb9bc6b96d830b64293c9fdff99b1743, type: 3}
      propertyPath: m_RootOrder
      value: 7
      objectReference: {fileID: 0}
    - target: {fileID: 7432622557476287136, guid: cb9bc6b96d830b64293c9fdff99b1743, type: 3}
      propertyPath: m_LocalScale.x
      value: 1.5
      objectReference: {fileID: 0}
    - target: {fileID: 7432622557476287136, guid: cb9bc6b96d830b64293c9fdff99b1743, type: 3}
      propertyPath: m_LocalScale.y
      value: 1.5
      objectReference: {fileID: 0}
    - target: {fileID: 7432622557476287136, guid: cb9bc6b96d830b64293c9fdff99b1743, type: 3}
      propertyPath: m_LocalScale.z
      value: 1.5
      objectReference: {fileID: 0}
    - target: {fileID: 7432622557476287136, guid: cb9bc6b96d830b64293c9fdff99b1743, type: 3}
      propertyPath: m_LocalPosition.x
      value: 4.44
      objectReference: {fileID: 0}
    - target: {fileID: 7432622557476287136, guid: cb9bc6b96d830b64293c9fdff99b1743, type: 3}
      propertyPath: m_LocalPosition.y
      value: -0.00000023841858
      objectReference: {fileID: 0}
    - target: {fileID: 7432622557476287136, guid: cb9bc6b96d830b64293c9fdff99b1743, type: 3}
      propertyPath: m_LocalPosition.z
      value: 1.81
      objectReference: {fileID: 0}
    - target: {fileID: 7432622557476287136, guid: cb9bc6b96d830b64293c9fdff99b1743, type: 3}
      propertyPath: m_LocalRotation.w
      value: 0.7071068
      objectReference: {fileID: 0}
    - target: {fileID: 7432622557476287136, guid: cb9bc6b96d830b64293c9fdff99b1743, type: 3}
      propertyPath: m_LocalRotation.x
      value: 0
      objectReference: {fileID: 0}
    - target: {fileID: 7432622557476287136, guid: cb9bc6b96d830b64293c9fdff99b1743, type: 3}
      propertyPath: m_LocalRotation.y
      value: -0.7071068
      objectReference: {fileID: 0}
    - target: {fileID: 7432622557476287136, guid: cb9bc6b96d830b64293c9fdff99b1743, type: 3}
      propertyPath: m_LocalRotation.z
      value: 0
      objectReference: {fileID: 0}
    - target: {fileID: 7432622557476287136, guid: cb9bc6b96d830b64293c9fdff99b1743, type: 3}
      propertyPath: m_LocalEulerAnglesHint.x
      value: 0
      objectReference: {fileID: 0}
    - target: {fileID: 7432622557476287136, guid: cb9bc6b96d830b64293c9fdff99b1743, type: 3}
      propertyPath: m_LocalEulerAnglesHint.y
      value: -90
      objectReference: {fileID: 0}
    - target: {fileID: 7432622557476287136, guid: cb9bc6b96d830b64293c9fdff99b1743, type: 3}
      propertyPath: m_LocalEulerAnglesHint.z
      value: 0
      objectReference: {fileID: 0}
    m_RemovedComponents:
    - {fileID: 7432622557476056707, guid: cb9bc6b96d830b64293c9fdff99b1743, type: 3}
  m_SourcePrefab: {fileID: 100100000, guid: cb9bc6b96d830b64293c9fdff99b1743, type: 3}
--- !u!1 &3005344175845058088 stripped
GameObject:
  m_CorrespondingSourceObject: {fileID: 7432622557476056704, guid: cb9bc6b96d830b64293c9fdff99b1743, type: 3}
  m_PrefabInstance: {fileID: 5661264754960943272}
  m_PrefabAsset: {fileID: 0}
--- !u!4 &3005344175845489160 stripped
Transform:
  m_CorrespondingSourceObject: {fileID: 7432622557476287136, guid: cb9bc6b96d830b64293c9fdff99b1743, type: 3}
  m_PrefabInstance: {fileID: 5661264754960943272}
  m_PrefabAsset: {fileID: 0}
--- !u!1001 &6677701033375666547
PrefabInstance:
  m_ObjectHideFlags: 0
  serializedVersion: 2
  m_Modification:
    m_TransformParent: {fileID: 3643110034917246797}
    m_Modifications:
    - target: {fileID: 9218377935294762359, guid: 1e711044cbc639d44aa004669771969e, type: 3}
      propertyPath: m_RootOrder
      value: 2
      objectReference: {fileID: 0}
    - target: {fileID: 9218377935294762359, guid: 1e711044cbc639d44aa004669771969e, type: 3}
      propertyPath: m_LocalScale.x
      value: 2
      objectReference: {fileID: 0}
    - target: {fileID: 9218377935294762359, guid: 1e711044cbc639d44aa004669771969e, type: 3}
      propertyPath: m_LocalScale.y
      value: 2
      objectReference: {fileID: 0}
    - target: {fileID: 9218377935294762359, guid: 1e711044cbc639d44aa004669771969e, type: 3}
      propertyPath: m_LocalScale.z
      value: 2
      objectReference: {fileID: 0}
    - target: {fileID: 9218377935294762359, guid: 1e711044cbc639d44aa004669771969e, type: 3}
      propertyPath: m_LocalPosition.x
      value: 0
      objectReference: {fileID: 0}
    - target: {fileID: 9218377935294762359, guid: 1e711044cbc639d44aa004669771969e, type: 3}
      propertyPath: m_LocalPosition.y
      value: 0
      objectReference: {fileID: 0}
    - target: {fileID: 9218377935294762359, guid: 1e711044cbc639d44aa004669771969e, type: 3}
      propertyPath: m_LocalPosition.z
      value: 0
      objectReference: {fileID: 0}
    - target: {fileID: 9218377935294762359, guid: 1e711044cbc639d44aa004669771969e, type: 3}
      propertyPath: m_LocalRotation.w
      value: 0.7071068
      objectReference: {fileID: 0}
    - target: {fileID: 9218377935294762359, guid: 1e711044cbc639d44aa004669771969e, type: 3}
      propertyPath: m_LocalRotation.x
      value: 0
      objectReference: {fileID: 0}
    - target: {fileID: 9218377935294762359, guid: 1e711044cbc639d44aa004669771969e, type: 3}
      propertyPath: m_LocalRotation.y
      value: 0.7071068
      objectReference: {fileID: 0}
    - target: {fileID: 9218377935294762359, guid: 1e711044cbc639d44aa004669771969e, type: 3}
      propertyPath: m_LocalRotation.z
      value: 0
      objectReference: {fileID: 0}
    - target: {fileID: 9218377935294762359, guid: 1e711044cbc639d44aa004669771969e, type: 3}
      propertyPath: m_LocalEulerAnglesHint.x
      value: 0
      objectReference: {fileID: 0}
    - target: {fileID: 9218377935294762359, guid: 1e711044cbc639d44aa004669771969e, type: 3}
      propertyPath: m_LocalEulerAnglesHint.y
      value: 90
      objectReference: {fileID: 0}
    - target: {fileID: 9218377935294762359, guid: 1e711044cbc639d44aa004669771969e, type: 3}
      propertyPath: m_LocalEulerAnglesHint.z
      value: 0
      objectReference: {fileID: 0}
    - target: {fileID: 9218377935294861655, guid: 1e711044cbc639d44aa004669771969e, type: 3}
      propertyPath: m_Name
      value: Carpet_Red
      objectReference: {fileID: 0}
    m_RemovedComponents:
    - {fileID: 5824447511790668872, guid: 1e711044cbc639d44aa004669771969e, type: 3}
  m_SourcePrefab: {fileID: 100100000, guid: 1e711044cbc639d44aa004669771969e, type: 3}
--- !u!4 &2541635827458808836 stripped
Transform:
  m_CorrespondingSourceObject: {fileID: 9218377935294762359, guid: 1e711044cbc639d44aa004669771969e, type: 3}
  m_PrefabInstance: {fileID: 6677701033375666547}
  m_PrefabAsset: {fileID: 0}
--- !u!1001 &7425285811125839384
PrefabInstance:
  m_ObjectHideFlags: 0
  serializedVersion: 2
  m_Modification:
    m_TransformParent: {fileID: 3643110034917246797}
    m_Modifications:
    - target: {fileID: 1149450743610261583, guid: dc02f77b0506f764c9d22c61c681c4af, type: 3}
      propertyPath: m_RootOrder
      value: 5
      objectReference: {fileID: 0}
    - target: {fileID: 1149450743610261583, guid: dc02f77b0506f764c9d22c61c681c4af, type: 3}
      propertyPath: m_LocalPosition.x
      value: -3.7994518
      objectReference: {fileID: 0}
    - target: {fileID: 1149450743610261583, guid: dc02f77b0506f764c9d22c61c681c4af, type: 3}
      propertyPath: m_LocalPosition.y
      value: 0.00000047683716
      objectReference: {fileID: 0}
    - target: {fileID: 1149450743610261583, guid: dc02f77b0506f764c9d22c61c681c4af, type: 3}
      propertyPath: m_LocalPosition.z
      value: 2.14
      objectReference: {fileID: 0}
    - target: {fileID: 1149450743610261583, guid: dc02f77b0506f764c9d22c61c681c4af, type: 3}
      propertyPath: m_LocalRotation.w
      value: 0.06827658
      objectReference: {fileID: 0}
    - target: {fileID: 1149450743610261583, guid: dc02f77b0506f764c9d22c61c681c4af, type: 3}
      propertyPath: m_LocalRotation.x
      value: 0
      objectReference: {fileID: 0}
    - target: {fileID: 1149450743610261583, guid: dc02f77b0506f764c9d22c61c681c4af, type: 3}
      propertyPath: m_LocalRotation.y
      value: 0.9976665
      objectReference: {fileID: 0}
    - target: {fileID: 1149450743610261583, guid: dc02f77b0506f764c9d22c61c681c4af, type: 3}
      propertyPath: m_LocalRotation.z
      value: 0
      objectReference: {fileID: 0}
    - target: {fileID: 1149450743610261583, guid: dc02f77b0506f764c9d22c61c681c4af, type: 3}
      propertyPath: m_LocalEulerAnglesHint.x
      value: 0
      objectReference: {fileID: 0}
    - target: {fileID: 1149450743610261583, guid: dc02f77b0506f764c9d22c61c681c4af, type: 3}
      propertyPath: m_LocalEulerAnglesHint.y
      value: 172.17
      objectReference: {fileID: 0}
    - target: {fileID: 1149450743610261583, guid: dc02f77b0506f764c9d22c61c681c4af, type: 3}
      propertyPath: m_LocalEulerAnglesHint.z
      value: 0
      objectReference: {fileID: 0}
    - target: {fileID: 1149450743610432623, guid: dc02f77b0506f764c9d22c61c681c4af, type: 3}
      propertyPath: m_Name
      value: Chair (1)
      objectReference: {fileID: 0}
    m_RemovedComponents:
    - {fileID: 2122566037265000455, guid: dc02f77b0506f764c9d22c61c681c4af, type: 3}
  m_SourcePrefab: {fileID: 100100000, guid: dc02f77b0506f764c9d22c61c681c4af, type: 3}
--- !u!4 &7563867346500429399 stripped
Transform:
  m_CorrespondingSourceObject: {fileID: 1149450743610261583, guid: dc02f77b0506f764c9d22c61c681c4af, type: 3}
  m_PrefabInstance: {fileID: 7425285811125839384}
  m_PrefabAsset: {fileID: 0}
--- !u!1 &7563867346500205175 stripped
GameObject:
  m_CorrespondingSourceObject: {fileID: 1149450743610432623, guid: dc02f77b0506f764c9d22c61c681c4af, type: 3}
  m_PrefabInstance: {fileID: 7425285811125839384}
  m_PrefabAsset: {fileID: 0}
--- !u!1001 &7618668766068024843
PrefabInstance:
  m_ObjectHideFlags: 0
  serializedVersion: 2
  m_Modification:
    m_TransformParent: {fileID: 3643110034917246797}
    m_Modifications:
    - target: {fileID: 3951424495242864794, guid: 725d9061657be724facf6fda9fe05b4f, type: 3}
      propertyPath: m_RootOrder
      value: 6
      objectReference: {fileID: 0}
    - target: {fileID: 3951424495242864794, guid: 725d9061657be724facf6fda9fe05b4f, type: 3}
      propertyPath: m_LocalScale.x
      value: 2
      objectReference: {fileID: 0}
    - target: {fileID: 3951424495242864794, guid: 725d9061657be724facf6fda9fe05b4f, type: 3}
      propertyPath: m_LocalScale.y
      value: 2
      objectReference: {fileID: 0}
    - target: {fileID: 3951424495242864794, guid: 725d9061657be724facf6fda9fe05b4f, type: 3}
      propertyPath: m_LocalScale.z
      value: 2
      objectReference: {fileID: 0}
    - target: {fileID: 3951424495242864794, guid: 725d9061657be724facf6fda9fe05b4f, type: 3}
      propertyPath: m_LocalPosition.x
      value: -4.906
      objectReference: {fileID: 0}
    - target: {fileID: 3951424495242864794, guid: 725d9061657be724facf6fda9fe05b4f, type: 3}
      propertyPath: m_LocalPosition.y
      value: 6
      objectReference: {fileID: 0}
    - target: {fileID: 3951424495242864794, guid: 725d9061657be724facf6fda9fe05b4f, type: 3}
      propertyPath: m_LocalPosition.z
      value: 0
      objectReference: {fileID: 0}
    - target: {fileID: 3951424495242864794, guid: 725d9061657be724facf6fda9fe05b4f, type: 3}
      propertyPath: m_LocalRotation.w
      value: 0.7071068
      objectReference: {fileID: 0}
    - target: {fileID: 3951424495242864794, guid: 725d9061657be724facf6fda9fe05b4f, type: 3}
      propertyPath: m_LocalRotation.x
      value: 0
      objectReference: {fileID: 0}
    - target: {fileID: 3951424495242864794, guid: 725d9061657be724facf6fda9fe05b4f, type: 3}
      propertyPath: m_LocalRotation.y
      value: 0.7071068
      objectReference: {fileID: 0}
    - target: {fileID: 3951424495242864794, guid: 725d9061657be724facf6fda9fe05b4f, type: 3}
      propertyPath: m_LocalRotation.z
      value: 0
      objectReference: {fileID: 0}
    - target: {fileID: 3951424495242864794, guid: 725d9061657be724facf6fda9fe05b4f, type: 3}
      propertyPath: m_LocalEulerAnglesHint.x
      value: 0
      objectReference: {fileID: 0}
    - target: {fileID: 3951424495242864794, guid: 725d9061657be724facf6fda9fe05b4f, type: 3}
      propertyPath: m_LocalEulerAnglesHint.y
      value: 90
      objectReference: {fileID: 0}
    - target: {fileID: 3951424495242864794, guid: 725d9061657be724facf6fda9fe05b4f, type: 3}
      propertyPath: m_LocalEulerAnglesHint.z
      value: 0
      objectReference: {fileID: 0}
    - target: {fileID: 7030994941266997987, guid: 725d9061657be724facf6fda9fe05b4f, type: 3}
      propertyPath: m_Name
      value: WallDecor_05
      objectReference: {fileID: 0}
    m_RemovedComponents: []
  m_SourcePrefab: {fileID: 100100000, guid: 725d9061657be724facf6fda9fe05b4f, type: 3}
--- !u!4 &6876070034840702609 stripped
Transform:
  m_CorrespondingSourceObject: {fileID: 3951424495242864794, guid: 725d9061657be724facf6fda9fe05b4f, type: 3}
  m_PrefabInstance: {fileID: 7618668766068024843}
  m_PrefabAsset: {fileID: 0}
