%YAML 1.1
%TAG !u! tag:unity3d.com,2011:
--- !u!135 &723404525
SphereCollider:
  m_ObjectHideFlags: 0
  m_CorrespondingSourceObject: {fileID: 0}
  m_PrefabInstance: {fileID: 0}
  m_PrefabAsset: {fileID: 0}
  m_GameObject: {fileID: 824025166876812597}
  m_Material: {fileID: 0}
  m_IsTrigger: 1
  m_Enabled: 1
  serializedVersion: 2
  m_Radius: 0.3
  m_Center: {x: -5.21, y: 1.64, z: 0.00000071525574}
--- !u!1 &8888017215568602052
GameObject:
  m_ObjectHideFlags: 0
  m_CorrespondingSourceObject: {fileID: 0}
  m_PrefabInstance: {fileID: 0}
  m_PrefabAsset: {fileID: 0}
  serializedVersion: 6
  m_Component:
  - component: {fileID: 3373145280414599902}
  - component: {fileID: 8729720520914335148}
  m_Layer: 6
  m_Name: zombie_zombie4 (1)
  m_TagString: Enemigo
  m_Icon: {fileID: 0}
  m_NavMeshLayer: 0
  m_StaticEditorFlags: 0
  m_IsActive: 1
--- !u!4 &3373145280414599902
Transform:
  m_ObjectHideFlags: 0
  m_CorrespondingSourceObject: {fileID: 0}
  m_PrefabInstance: {fileID: 0}
  m_PrefabAsset: {fileID: 0}
  m_GameObject: {fileID: 8888017215568602052}
  m_LocalRotation: {x: -0.7071068, y: 0, z: -0, w: 0.7071068}
  m_LocalPosition: {x: -0, y: 0, z: 0}
  m_LocalScale: {x: 1, y: 1, z: 1}
  m_Children: []
  m_Father: {fileID: 1850748339405426416}
  m_RootOrder: 2
  m_LocalEulerAnglesHint: {x: 0, y: 0, z: 0}
--- !u!137 &8729720520914335148
SkinnedMeshRenderer:
  m_ObjectHideFlags: 0
  m_CorrespondingSourceObject: {fileID: 0}
  m_PrefabInstance: {fileID: 0}
  m_PrefabAsset: {fileID: 0}
  m_GameObject: {fileID: 8888017215568602052}
  m_Enabled: 1
  m_CastShadows: 1
  m_ReceiveShadows: 1
  m_DynamicOccludee: 1
  m_MotionVectors: 1
  m_LightProbeUsage: 1
  m_ReflectionProbeUsage: 1
  m_RayTracingMode: 3
  m_RayTraceProcedural: 0
  m_RenderingLayerMask: 1
  m_RendererPriority: 0
  m_Materials:
  - {fileID: 2100000, guid: f6fe0a95d3a5cbc4f9748dc1a5414945, type: 2}
  - {fileID: 2100000, guid: f6fe0a95d3a5cbc4f9748dc1a5414945, type: 2}
  m_StaticBatchInfo:
    firstSubMesh: 0
    subMeshCount: 0
  m_StaticBatchRoot: {fileID: 0}
  m_ProbeAnchor: {fileID: 0}
  m_LightProbeVolumeOverride: {fileID: 0}
  m_ScaleInLightmap: 1
  m_ReceiveGI: 1
  m_PreserveUVs: 0
  m_IgnoreNormalsForChartDetection: 0
  m_ImportantGI: 0
  m_StitchLightmapSeams: 1
  m_SelectedEditorRenderState: 3
  m_MinimumChartSize: 4
  m_AutoUVMaxDistance: 0.5
  m_AutoUVMaxAngle: 89
  m_LightmapParameters: {fileID: 0}
  m_SortingLayerID: 0
  m_SortingLayer: 0
  m_SortingOrder: 0
  serializedVersion: 2
  m_Quality: 0
  m_UpdateWhenOffscreen: 0
  m_SkinnedMotionVectors: 1
  m_Mesh: {fileID: 4300000, guid: 8c53cffd52097cf4582f0a090c9a833e, type: 3}
  m_Bones:
  - {fileID: 1850748339405426378}
  - {fileID: 1850748339405426380}
  - {fileID: 1850748339405426396}
  - {fileID: 1850748339405426388}
  - {fileID: 1850748339405426406}
  - {fileID: 1850748339405426374}
  - {fileID: 1850748339405426398}
  - {fileID: 1850748339405426426}
  - {fileID: 1850748339405426390}
  - {fileID: 1850748339405426400}
  - {fileID: 1850748339405426424}
  - {fileID: 1850748339405426428}
  - {fileID: 1850748339405426382}
  - {fileID: 1850748339405426384}
  - {fileID: 1850748339405426392}
  - {fileID: 1850748339405426408}
  - {fileID: 1850748339405426386}
  - {fileID: 1850748339405426394}
  - {fileID: 1850748339405426368}
  - {fileID: 1850748339405426370}
  - {fileID: 1850748339405426372}
  - {fileID: 1850748339405426430}
  - {fileID: 1850748339405426402}
  - {fileID: 1850748339405426404}
  - {fileID: 1850748339405426410}
  - {fileID: 1850748339405426412}
  - {fileID: 1850748339405426414}
  m_BlendShapeWeights: []
  m_RootBone: {fileID: 1850748339405426388}
  m_AABB:
    m_Center: {x: -0.2262297, y: 0.003887251, z: 0}
    m_Extent: {x: 0.5237266, y: 0.20348991, z: 0.30575648}
  m_DirtyAABB: 0
--- !u!1001 &637671952828499628
PrefabInstance:
  m_ObjectHideFlags: 0
  serializedVersion: 2
  m_Modification:
    m_TransformParent: {fileID: 1850748340428343262}
    m_Modifications:
    - target: {fileID: 1401448951827832202, guid: b6a0c8113a9970d4eb91981cb0f404c7, type: 3}
      propertyPath: m_Name
      value: armaEnemigo1
      objectReference: {fileID: 0}
    - target: {fileID: 1401448951827832206, guid: b6a0c8113a9970d4eb91981cb0f404c7, type: 3}
      propertyPath: m_RootOrder
      value: 4
      objectReference: {fileID: 0}
    - target: {fileID: 1401448951827832206, guid: b6a0c8113a9970d4eb91981cb0f404c7, type: 3}
      propertyPath: m_LocalScale.x
      value: 0.08447741
      objectReference: {fileID: 0}
    - target: {fileID: 1401448951827832206, guid: b6a0c8113a9970d4eb91981cb0f404c7, type: 3}
      propertyPath: m_LocalScale.y
      value: 0.16143034
      objectReference: {fileID: 0}
    - target: {fileID: 1401448951827832206, guid: b6a0c8113a9970d4eb91981cb0f404c7, type: 3}
      propertyPath: m_LocalScale.z
      value: 0.3914895
      objectReference: {fileID: 0}
    - target: {fileID: 1401448951827832206, guid: b6a0c8113a9970d4eb91981cb0f404c7, type: 3}
      propertyPath: m_LocalPosition.x
      value: 0.523
      objectReference: {fileID: 0}
    - target: {fileID: 1401448951827832206, guid: b6a0c8113a9970d4eb91981cb0f404c7, type: 3}
      propertyPath: m_LocalPosition.y
      value: 0.701
      objectReference: {fileID: 0}
    - target: {fileID: 1401448951827832206, guid: b6a0c8113a9970d4eb91981cb0f404c7, type: 3}
      propertyPath: m_LocalPosition.z
      value: 0.073
      objectReference: {fileID: 0}
    - target: {fileID: 1401448951827832206, guid: b6a0c8113a9970d4eb91981cb0f404c7, type: 3}
      propertyPath: m_LocalRotation.w
      value: 1
      objectReference: {fileID: 0}
    - target: {fileID: 1401448951827832206, guid: b6a0c8113a9970d4eb91981cb0f404c7, type: 3}
      propertyPath: m_LocalRotation.x
      value: -0
      objectReference: {fileID: 0}
    - target: {fileID: 1401448951827832206, guid: b6a0c8113a9970d4eb91981cb0f404c7, type: 3}
      propertyPath: m_LocalRotation.y
      value: -0
      objectReference: {fileID: 0}
    - target: {fileID: 1401448951827832206, guid: b6a0c8113a9970d4eb91981cb0f404c7, type: 3}
      propertyPath: m_LocalRotation.z
      value: -0
      objectReference: {fileID: 0}
    - target: {fileID: 1401448951827832206, guid: b6a0c8113a9970d4eb91981cb0f404c7, type: 3}
      propertyPath: m_LocalEulerAnglesHint.x
      value: 0
      objectReference: {fileID: 0}
    - target: {fileID: 1401448951827832206, guid: b6a0c8113a9970d4eb91981cb0f404c7, type: 3}
      propertyPath: m_LocalEulerAnglesHint.y
      value: -7.027
      objectReference: {fileID: 0}
    - target: {fileID: 1401448951827832206, guid: b6a0c8113a9970d4eb91981cb0f404c7, type: 3}
      propertyPath: m_LocalEulerAnglesHint.z
      value: 0
      objectReference: {fileID: 0}
    m_RemovedComponents: []
  m_SourcePrefab: {fileID: 100100000, guid: b6a0c8113a9970d4eb91981cb0f404c7, type: 3}
--- !u!1 &1993833661368638246 stripped
GameObject:
  m_CorrespondingSourceObject: {fileID: 1401448951827832202, guid: b6a0c8113a9970d4eb91981cb0f404c7, type: 3}
  m_PrefabInstance: {fileID: 637671952828499628}
  m_PrefabAsset: {fileID: 0}
--- !u!1001 &7827076130321326874
PrefabInstance:
  m_ObjectHideFlags: 0
  serializedVersion: 2
  m_Modification:
    m_TransformParent: {fileID: 0}
    m_Modifications:
    - target: {fileID: 7489726700839637299, guid: ed07748bed0cc7e4baf26fdb20da9a0a, type: 3}
      propertyPath: m_Layer
      value: 2
      objectReference: {fileID: 0}
    - target: {fileID: 7489726701238306348, guid: ed07748bed0cc7e4baf26fdb20da9a0a, type: 3}
      propertyPath: m_Mesh
      value: 
      objectReference: {fileID: 0}
    - target: {fileID: 7489726701238306351, guid: ed07748bed0cc7e4baf26fdb20da9a0a, type: 3}
      propertyPath: m_Layer
      value: 2
      objectReference: {fileID: 0}
    - target: {fileID: 7489726701238306353, guid: ed07748bed0cc7e4baf26fdb20da9a0a, type: 3}
      propertyPath: m_Mesh
      value: 
      objectReference: {fileID: 0}
    - target: {fileID: 7489726701238306355, guid: ed07748bed0cc7e4baf26fdb20da9a0a, type: 3}
      propertyPath: m_Mesh
      value: 
      objectReference: {fileID: 0}
    - target: {fileID: 7726691021859290766, guid: ed07748bed0cc7e4baf26fdb20da9a0a, type: 3}
      propertyPath: m_Layer
      value: 0
      objectReference: {fileID: 0}
    - target: {fileID: 7726705217749911136, guid: ed07748bed0cc7e4baf26fdb20da9a0a, type: 3}
      propertyPath: m_Layer
      value: 0
      objectReference: {fileID: 0}
    - target: {fileID: 7727057179133203066, guid: ed07748bed0cc7e4baf26fdb20da9a0a, type: 3}
      propertyPath: m_Layer
      value: 0
      objectReference: {fileID: 0}
    - target: {fileID: 7727088951433781740, guid: ed07748bed0cc7e4baf26fdb20da9a0a, type: 3}
      propertyPath: m_Layer
      value: 0
      objectReference: {fileID: 0}
    - target: {fileID: 7727111279022153742, guid: ed07748bed0cc7e4baf26fdb20da9a0a, type: 3}
      propertyPath: m_Layer
      value: 6
      objectReference: {fileID: 0}
    - target: {fileID: 7727170539319403340, guid: ed07748bed0cc7e4baf26fdb20da9a0a, type: 3}
      propertyPath: m_Layer
      value: 0
      objectReference: {fileID: 0}
    - target: {fileID: 7727248901423110900, guid: ed07748bed0cc7e4baf26fdb20da9a0a, type: 3}
      propertyPath: m_Layer
      value: 0
      objectReference: {fileID: 0}
    - target: {fileID: 7727263790082600328, guid: ed07748bed0cc7e4baf26fdb20da9a0a, type: 3}
      propertyPath: m_Layer
      value: 0
      objectReference: {fileID: 0}
    - target: {fileID: 7727275428138180142, guid: ed07748bed0cc7e4baf26fdb20da9a0a, type: 3}
      propertyPath: m_Layer
      value: 0
      objectReference: {fileID: 0}
    - target: {fileID: 7727275825124373444, guid: ed07748bed0cc7e4baf26fdb20da9a0a, type: 3}
      propertyPath: m_Layer
      value: 0
      objectReference: {fileID: 0}
    - target: {fileID: 7727349249736828358, guid: ed07748bed0cc7e4baf26fdb20da9a0a, type: 3}
      propertyPath: m_Layer
      value: 0
      objectReference: {fileID: 0}
    - target: {fileID: 7727386496373532054, guid: ed07748bed0cc7e4baf26fdb20da9a0a, type: 3}
      propertyPath: m_Layer
      value: 0
      objectReference: {fileID: 0}
    - target: {fileID: 7727448497175101544, guid: ed07748bed0cc7e4baf26fdb20da9a0a, type: 3}
      propertyPath: m_Layer
      value: 0
      objectReference: {fileID: 0}
    - target: {fileID: 7727457160820840484, guid: ed07748bed0cc7e4baf26fdb20da9a0a, type: 3}
      propertyPath: m_Layer
      value: 0
      objectReference: {fileID: 0}
    - target: {fileID: 7727459853403606570, guid: ed07748bed0cc7e4baf26fdb20da9a0a, type: 3}
      propertyPath: m_Layer
      value: 0
      objectReference: {fileID: 0}
    - target: {fileID: 7727472528731191374, guid: ed07748bed0cc7e4baf26fdb20da9a0a, type: 3}
      propertyPath: m_Layer
      value: 0
      objectReference: {fileID: 0}
    - target: {fileID: 7727485759403916500, guid: ed07748bed0cc7e4baf26fdb20da9a0a, type: 3}
      propertyPath: m_Layer
      value: 0
      objectReference: {fileID: 0}
    - target: {fileID: 7727531721869493866, guid: ed07748bed0cc7e4baf26fdb20da9a0a, type: 3}
      propertyPath: m_Layer
      value: 0
      objectReference: {fileID: 0}
    - target: {fileID: 7727570593041485084, guid: ed07748bed0cc7e4baf26fdb20da9a0a, type: 3}
      propertyPath: m_Layer
      value: 0
      objectReference: {fileID: 0}
    - target: {fileID: 7727752932690040412, guid: ed07748bed0cc7e4baf26fdb20da9a0a, type: 3}
      propertyPath: m_Layer
      value: 0
      objectReference: {fileID: 0}
    - target: {fileID: 7727951740651195698, guid: ed07748bed0cc7e4baf26fdb20da9a0a, type: 3}
      propertyPath: m_Layer
      value: 0
      objectReference: {fileID: 0}
    - target: {fileID: 7728018241330014298, guid: ed07748bed0cc7e4baf26fdb20da9a0a, type: 3}
      propertyPath: m_Layer
      value: 0
      objectReference: {fileID: 0}
    - target: {fileID: 7728044877012419234, guid: ed07748bed0cc7e4baf26fdb20da9a0a, type: 3}
      propertyPath: m_Layer
      value: 0
      objectReference: {fileID: 0}
    - target: {fileID: 7728045452204631870, guid: ed07748bed0cc7e4baf26fdb20da9a0a, type: 3}
      propertyPath: m_Layer
      value: 0
      objectReference: {fileID: 0}
    - target: {fileID: 7728047871542867202, guid: ed07748bed0cc7e4baf26fdb20da9a0a, type: 3}
      propertyPath: m_Layer
      value: 0
      objectReference: {fileID: 0}
    - target: {fileID: 7728079716377520562, guid: ed07748bed0cc7e4baf26fdb20da9a0a, type: 3}
      propertyPath: m_Layer
      value: 0
      objectReference: {fileID: 0}
    - target: {fileID: 7728118196719547850, guid: ed07748bed0cc7e4baf26fdb20da9a0a, type: 3}
      propertyPath: m_Layer
      value: 0
      objectReference: {fileID: 0}
    - target: {fileID: 7728151688375447080, guid: ed07748bed0cc7e4baf26fdb20da9a0a, type: 3}
      propertyPath: m_Layer
      value: 0
      objectReference: {fileID: 0}
    - target: {fileID: 7728157085397882256, guid: ed07748bed0cc7e4baf26fdb20da9a0a, type: 3}
      propertyPath: m_Layer
      value: 0
      objectReference: {fileID: 0}
    - target: {fileID: 7728176643721183648, guid: ed07748bed0cc7e4baf26fdb20da9a0a, type: 3}
      propertyPath: m_Layer
      value: 0
      objectReference: {fileID: 0}
    - target: {fileID: 8444374139080139972, guid: ed07748bed0cc7e4baf26fdb20da9a0a, type: 3}
      propertyPath: m_RootOrder
      value: 0
      objectReference: {fileID: 0}
    - target: {fileID: 8444374139080139972, guid: ed07748bed0cc7e4baf26fdb20da9a0a, type: 3}
      propertyPath: m_LocalPosition.x
      value: 3.9475307
      objectReference: {fileID: 0}
    - target: {fileID: 8444374139080139972, guid: ed07748bed0cc7e4baf26fdb20da9a0a, type: 3}
      propertyPath: m_LocalPosition.y
      value: -0.0880003
      objectReference: {fileID: 0}
    - target: {fileID: 8444374139080139972, guid: ed07748bed0cc7e4baf26fdb20da9a0a, type: 3}
      propertyPath: m_LocalPosition.z
      value: -4.2863874
      objectReference: {fileID: 0}
    - target: {fileID: 8444374139080139972, guid: ed07748bed0cc7e4baf26fdb20da9a0a, type: 3}
      propertyPath: m_LocalRotation.w
      value: 1
      objectReference: {fileID: 0}
    - target: {fileID: 8444374139080139972, guid: ed07748bed0cc7e4baf26fdb20da9a0a, type: 3}
      propertyPath: m_LocalRotation.x
      value: 0
      objectReference: {fileID: 0}
    - target: {fileID: 8444374139080139972, guid: ed07748bed0cc7e4baf26fdb20da9a0a, type: 3}
      propertyPath: m_LocalRotation.y
      value: 0
      objectReference: {fileID: 0}
    - target: {fileID: 8444374139080139972, guid: ed07748bed0cc7e4baf26fdb20da9a0a, type: 3}
      propertyPath: m_LocalRotation.z
      value: 0
      objectReference: {fileID: 0}
    - target: {fileID: 8444374139080139972, guid: ed07748bed0cc7e4baf26fdb20da9a0a, type: 3}
      propertyPath: m_LocalEulerAnglesHint.x
      value: 0
      objectReference: {fileID: 0}
    - target: {fileID: 8444374139080139972, guid: ed07748bed0cc7e4baf26fdb20da9a0a, type: 3}
      propertyPath: m_LocalEulerAnglesHint.y
      value: 0
      objectReference: {fileID: 0}
    - target: {fileID: 8444374139080139972, guid: ed07748bed0cc7e4baf26fdb20da9a0a, type: 3}
      propertyPath: m_LocalEulerAnglesHint.z
      value: 0
      objectReference: {fileID: 0}
    - target: {fileID: 8444374139080139973, guid: ed07748bed0cc7e4baf26fdb20da9a0a, type: 3}
      propertyPath: m_Name
      value: Enemigo final
      objectReference: {fileID: 0}
    - target: {fileID: 8444374139080139973, guid: ed07748bed0cc7e4baf26fdb20da9a0a, type: 3}
      propertyPath: m_Layer
      value: 6
      objectReference: {fileID: 0}
    - target: {fileID: 8444374139080139995, guid: ed07748bed0cc7e4baf26fdb20da9a0a, type: 3}
      propertyPath: myGun
      value: 
      objectReference: {fileID: 1993833661368638246}
    - target: {fileID: 8444374139969335680, guid: ed07748bed0cc7e4baf26fdb20da9a0a, type: 3}
      propertyPath: m_Layer
      value: 6
      objectReference: {fileID: 0}
    - target: {fileID: 8444374139969335682, guid: ed07748bed0cc7e4baf26fdb20da9a0a, type: 3}
      propertyPath: m_Layer
      value: 6
      objectReference: {fileID: 0}
    - target: {fileID: 8444374139969335684, guid: ed07748bed0cc7e4baf26fdb20da9a0a, type: 3}
      propertyPath: m_Layer
      value: 6
      objectReference: {fileID: 0}
    - target: {fileID: 8444374139969335686, guid: ed07748bed0cc7e4baf26fdb20da9a0a, type: 3}
      propertyPath: m_Layer
      value: 6
      objectReference: {fileID: 0}
    - target: {fileID: 8444374139969335688, guid: ed07748bed0cc7e4baf26fdb20da9a0a, type: 3}
      propertyPath: m_Layer
      value: 0
      objectReference: {fileID: 0}
    - target: {fileID: 8444374139969335690, guid: ed07748bed0cc7e4baf26fdb20da9a0a, type: 3}
      propertyPath: m_Layer
      value: 6
      objectReference: {fileID: 0}
    - target: {fileID: 8444374139969335696, guid: ed07748bed0cc7e4baf26fdb20da9a0a, type: 3}
      propertyPath: m_Layer
      value: 6
      objectReference: {fileID: 0}
    - target: {fileID: 8444374139969335698, guid: ed07748bed0cc7e4baf26fdb20da9a0a, type: 3}
      propertyPath: m_Layer
      value: 6
      objectReference: {fileID: 0}
    - target: {fileID: 8444374139969335700, guid: ed07748bed0cc7e4baf26fdb20da9a0a, type: 3}
      propertyPath: m_Layer
      value: 6
      objectReference: {fileID: 0}
    - target: {fileID: 8444374139969335702, guid: ed07748bed0cc7e4baf26fdb20da9a0a, type: 3}
      propertyPath: m_Layer
      value: 6
      objectReference: {fileID: 0}
    - target: {fileID: 8444374139969335704, guid: ed07748bed0cc7e4baf26fdb20da9a0a, type: 3}
      propertyPath: m_Layer
      value: 6
      objectReference: {fileID: 0}
    - target: {fileID: 8444374139969335706, guid: ed07748bed0cc7e4baf26fdb20da9a0a, type: 3}
      propertyPath: m_Layer
      value: 6
      objectReference: {fileID: 0}
    - target: {fileID: 8444374139969335708, guid: ed07748bed0cc7e4baf26fdb20da9a0a, type: 3}
      propertyPath: m_Layer
      value: 6
      objectReference: {fileID: 0}
    - target: {fileID: 8444374139969335710, guid: ed07748bed0cc7e4baf26fdb20da9a0a, type: 3}
      propertyPath: m_Layer
      value: 6
      objectReference: {fileID: 0}
    - target: {fileID: 8444374139969335776, guid: ed07748bed0cc7e4baf26fdb20da9a0a, type: 3}
      propertyPath: m_Layer
      value: 6
      objectReference: {fileID: 0}
    - target: {fileID: 8444374139969335778, guid: ed07748bed0cc7e4baf26fdb20da9a0a, type: 3}
      propertyPath: m_Layer
      value: 6
      objectReference: {fileID: 0}
    - target: {fileID: 8444374139969335780, guid: ed07748bed0cc7e4baf26fdb20da9a0a, type: 3}
      propertyPath: m_Layer
      value: 6
      objectReference: {fileID: 0}
    - target: {fileID: 8444374139969335782, guid: ed07748bed0cc7e4baf26fdb20da9a0a, type: 3}
      propertyPath: m_Layer
      value: 6
      objectReference: {fileID: 0}
    - target: {fileID: 8444374139969335784, guid: ed07748bed0cc7e4baf26fdb20da9a0a, type: 3}
      propertyPath: m_Layer
      value: 6
      objectReference: {fileID: 0}
    - target: {fileID: 8444374139969335786, guid: ed07748bed0cc7e4baf26fdb20da9a0a, type: 3}
      propertyPath: m_Layer
      value: 6
      objectReference: {fileID: 0}
    - target: {fileID: 8444374139969335788, guid: ed07748bed0cc7e4baf26fdb20da9a0a, type: 3}
      propertyPath: m_Layer
      value: 6
      objectReference: {fileID: 0}
    - target: {fileID: 8444374139969335790, guid: ed07748bed0cc7e4baf26fdb20da9a0a, type: 3}
      propertyPath: m_Layer
      value: 6
      objectReference: {fileID: 0}
    - target: {fileID: 8444374139969335792, guid: ed07748bed0cc7e4baf26fdb20da9a0a, type: 3}
      propertyPath: m_Layer
      value: 6
      objectReference: {fileID: 0}
    - target: {fileID: 8444374139969335794, guid: ed07748bed0cc7e4baf26fdb20da9a0a, type: 3}
      propertyPath: m_Layer
      value: 6
      objectReference: {fileID: 0}
    - target: {fileID: 8444374139969335796, guid: ed07748bed0cc7e4baf26fdb20da9a0a, type: 3}
      propertyPath: m_Layer
      value: 6
      objectReference: {fileID: 0}
    - target: {fileID: 8444374139969335798, guid: ed07748bed0cc7e4baf26fdb20da9a0a, type: 3}
      propertyPath: m_Layer
      value: 6
      objectReference: {fileID: 0}
    - target: {fileID: 8444374139969335800, guid: ed07748bed0cc7e4baf26fdb20da9a0a, type: 3}
      propertyPath: m_Layer
      value: 6
      objectReference: {fileID: 0}
    - target: {fileID: 8444374139969335802, guid: ed07748bed0cc7e4baf26fdb20da9a0a, type: 3}
      propertyPath: m_Layer
      value: 6
      objectReference: {fileID: 0}
    - target: {fileID: 8444374139969335804, guid: ed07748bed0cc7e4baf26fdb20da9a0a, type: 3}
      propertyPath: m_Layer
      value: 6
      objectReference: {fileID: 0}
    - target: {fileID: 8444374139969335806, guid: ed07748bed0cc7e4baf26fdb20da9a0a, type: 3}
      propertyPath: m_Layer
      value: 6
      objectReference: {fileID: 0}
    m_RemovedComponents: []
  m_SourcePrefab: {fileID: 100100000, guid: ed07748bed0cc7e4baf26fdb20da9a0a, type: 3}
--- !u!4 &1850748339405426406 stripped
Transform:
  m_CorrespondingSourceObject: {fileID: 8444374139969105404, guid: ed07748bed0cc7e4baf26fdb20da9a0a, type: 3}
  m_PrefabInstance: {fileID: 7827076130321326874}
  m_PrefabAsset: {fileID: 0}
--- !u!4 &1850748339405426390 stripped
Transform:
  m_CorrespondingSourceObject: {fileID: 8444374139969105356, guid: ed07748bed0cc7e4baf26fdb20da9a0a, type: 3}
  m_PrefabInstance: {fileID: 7827076130321326874}
  m_PrefabAsset: {fileID: 0}
--- !u!4 &1850748339405426400 stripped
Transform:
  m_CorrespondingSourceObject: {fileID: 8444374139969105402, guid: ed07748bed0cc7e4baf26fdb20da9a0a, type: 3}
  m_PrefabInstance: {fileID: 7827076130321326874}
  m_PrefabAsset: {fileID: 0}
--- !u!4 &1850748339405426424 stripped
Transform:
  m_CorrespondingSourceObject: {fileID: 8444374139969105378, guid: ed07748bed0cc7e4baf26fdb20da9a0a, type: 3}
  m_PrefabInstance: {fileID: 7827076130321326874}
  m_PrefabAsset: {fileID: 0}
--- !u!4 &1850748339405426426 stripped
Transform:
  m_CorrespondingSourceObject: {fileID: 8444374139969105376, guid: ed07748bed0cc7e4baf26fdb20da9a0a, type: 3}
  m_PrefabInstance: {fileID: 7827076130321326874}
  m_PrefabAsset: {fileID: 0}
--- !u!4 &1850748339405426428 stripped
Transform:
  m_CorrespondingSourceObject: {fileID: 8444374139969105382, guid: ed07748bed0cc7e4baf26fdb20da9a0a, type: 3}
  m_PrefabInstance: {fileID: 7827076130321326874}
  m_PrefabAsset: {fileID: 0}
--- !u!4 &1850748339405426382 stripped
Transform:
  m_CorrespondingSourceObject: {fileID: 8444374139969105364, guid: ed07748bed0cc7e4baf26fdb20da9a0a, type: 3}
  m_PrefabInstance: {fileID: 7827076130321326874}
  m_PrefabAsset: {fileID: 0}
--- !u!4 &1850748339405426384 stripped
Transform:
  m_CorrespondingSourceObject: {fileID: 8444374139969105354, guid: ed07748bed0cc7e4baf26fdb20da9a0a, type: 3}
  m_PrefabInstance: {fileID: 7827076130321326874}
  m_PrefabAsset: {fileID: 0}
--- !u!4 &1850748339405426392 stripped
Transform:
  m_CorrespondingSourceObject: {fileID: 8444374139969105346, guid: ed07748bed0cc7e4baf26fdb20da9a0a, type: 3}
  m_PrefabInstance: {fileID: 7827076130321326874}
  m_PrefabAsset: {fileID: 0}
--- !u!4 &1850748339405426394 stripped
Transform:
  m_CorrespondingSourceObject: {fileID: 8444374139969105344, guid: ed07748bed0cc7e4baf26fdb20da9a0a, type: 3}
  m_PrefabInstance: {fileID: 7827076130321326874}
  m_PrefabAsset: {fileID: 0}
--- !u!4 &1850748339405426368 stripped
Transform:
  m_CorrespondingSourceObject: {fileID: 8444374139969105370, guid: ed07748bed0cc7e4baf26fdb20da9a0a, type: 3}
  m_PrefabInstance: {fileID: 7827076130321326874}
  m_PrefabAsset: {fileID: 0}
--- !u!4 &1850748340428343262 stripped
Transform:
  m_CorrespondingSourceObject: {fileID: 8444374139080139972, guid: ed07748bed0cc7e4baf26fdb20da9a0a, type: 3}
  m_PrefabInstance: {fileID: 7827076130321326874}
  m_PrefabAsset: {fileID: 0}
--- !u!4 &1850748339405426372 stripped
Transform:
  m_CorrespondingSourceObject: {fileID: 8444374139969105374, guid: ed07748bed0cc7e4baf26fdb20da9a0a, type: 3}
  m_PrefabInstance: {fileID: 7827076130321326874}
  m_PrefabAsset: {fileID: 0}
--- !u!4 &1850748339405426386 stripped
Transform:
  m_CorrespondingSourceObject: {fileID: 8444374139969105352, guid: ed07748bed0cc7e4baf26fdb20da9a0a, type: 3}
  m_PrefabInstance: {fileID: 7827076130321326874}
  m_PrefabAsset: {fileID: 0}
--- !u!4 &1850748339405426378 stripped
Transform:
  m_CorrespondingSourceObject: {fileID: 8444374139969105360, guid: ed07748bed0cc7e4baf26fdb20da9a0a, type: 3}
  m_PrefabInstance: {fileID: 7827076130321326874}
  m_PrefabAsset: {fileID: 0}
--- !u!4 &1850748339405426408 stripped
Transform:
  m_CorrespondingSourceObject: {fileID: 8444374139969105394, guid: ed07748bed0cc7e4baf26fdb20da9a0a, type: 3}
  m_PrefabInstance: {fileID: 7827076130321326874}
  m_PrefabAsset: {fileID: 0}
--- !u!4 &1850748339405426430 stripped
Transform:
  m_CorrespondingSourceObject: {fileID: 8444374139969105380, guid: ed07748bed0cc7e4baf26fdb20da9a0a, type: 3}
  m_PrefabInstance: {fileID: 7827076130321326874}
  m_PrefabAsset: {fileID: 0}
--- !u!4 &1850748339405426402 stripped
Transform:
  m_CorrespondingSourceObject: {fileID: 8444374139969105400, guid: ed07748bed0cc7e4baf26fdb20da9a0a, type: 3}
  m_PrefabInstance: {fileID: 7827076130321326874}
  m_PrefabAsset: {fileID: 0}
--- !u!4 &1850748339405426404 stripped
Transform:
  m_CorrespondingSourceObject: {fileID: 8444374139969105406, guid: ed07748bed0cc7e4baf26fdb20da9a0a, type: 3}
  m_PrefabInstance: {fileID: 7827076130321326874}
  m_PrefabAsset: {fileID: 0}
--- !u!4 &1850748339405426410 stripped
Transform:
  m_CorrespondingSourceObject: {fileID: 8444374139969105392, guid: ed07748bed0cc7e4baf26fdb20da9a0a, type: 3}
  m_PrefabInstance: {fileID: 7827076130321326874}
  m_PrefabAsset: {fileID: 0}
--- !u!4 &1850748339405426412 stripped
Transform:
  m_CorrespondingSourceObject: {fileID: 8444374139969105398, guid: ed07748bed0cc7e4baf26fdb20da9a0a, type: 3}
  m_PrefabInstance: {fileID: 7827076130321326874}
  m_PrefabAsset: {fileID: 0}
--- !u!4 &1850748339405426414 stripped
Transform:
  m_CorrespondingSourceObject: {fileID: 8444374139969105396, guid: ed07748bed0cc7e4baf26fdb20da9a0a, type: 3}
  m_PrefabInstance: {fileID: 7827076130321326874}
  m_PrefabAsset: {fileID: 0}
--- !u!4 &1850748339405426416 stripped
Transform:
  m_CorrespondingSourceObject: {fileID: 8444374139969105386, guid: ed07748bed0cc7e4baf26fdb20da9a0a, type: 3}
  m_PrefabInstance: {fileID: 7827076130321326874}
  m_PrefabAsset: {fileID: 0}
--- !u!4 &1850748339405426388 stripped
Transform:
  m_CorrespondingSourceObject: {fileID: 8444374139969105358, guid: ed07748bed0cc7e4baf26fdb20da9a0a, type: 3}
  m_PrefabInstance: {fileID: 7827076130321326874}
  m_PrefabAsset: {fileID: 0}
--- !u!4 &1850748339405426396 stripped
Transform:
  m_CorrespondingSourceObject: {fileID: 8444374139969105350, guid: ed07748bed0cc7e4baf26fdb20da9a0a, type: 3}
  m_PrefabInstance: {fileID: 7827076130321326874}
  m_PrefabAsset: {fileID: 0}
--- !u!1 &824025166876812597 stripped
GameObject:
  m_CorrespondingSourceObject: {fileID: 7489726701238306351, guid: ed07748bed0cc7e4baf26fdb20da9a0a, type: 3}
  m_PrefabInstance: {fileID: 7827076130321326874}
  m_PrefabAsset: {fileID: 0}
--- !u!4 &1850748339405426380 stripped
Transform:
  m_CorrespondingSourceObject: {fileID: 8444374139969105366, guid: ed07748bed0cc7e4baf26fdb20da9a0a, type: 3}
  m_PrefabInstance: {fileID: 7827076130321326874}
  m_PrefabAsset: {fileID: 0}
--- !u!4 &1850748339405426374 stripped
Transform:
  m_CorrespondingSourceObject: {fileID: 8444374139969105372, guid: ed07748bed0cc7e4baf26fdb20da9a0a, type: 3}
  m_PrefabInstance: {fileID: 7827076130321326874}
  m_PrefabAsset: {fileID: 0}
--- !u!4 &1850748339405426398 stripped
Transform:
  m_CorrespondingSourceObject: {fileID: 8444374139969105348, guid: ed07748bed0cc7e4baf26fdb20da9a0a, type: 3}
  m_PrefabInstance: {fileID: 7827076130321326874}
  m_PrefabAsset: {fileID: 0}
--- !u!4 &1850748339405426370 stripped
Transform:
  m_CorrespondingSourceObject: {fileID: 8444374139969105368, guid: ed07748bed0cc7e4baf26fdb20da9a0a, type: 3}
  m_PrefabInstance: {fileID: 7827076130321326874}
  m_PrefabAsset: {fileID: 0}
