%YAML 1.1
%TAG !u! tag:unity3d.com,2011:
--- !u!1 &5691317894169181668
GameObject:
  m_ObjectHideFlags: 0
  m_CorrespondingSourceObject: {fileID: 0}
  m_PrefabInstance: {fileID: 0}
  m_PrefabAsset: {fileID: 0}
  serializedVersion: 6
  m_Component:
  - component: {fileID: 5691317894169181658}
  - component: {fileID: 5691317894169181669}
  - component: {fileID: 5691317894169181659}
  m_Layer: 0
  m_Name: Generador de Salas
  m_TagString: Untagged
  m_Icon: {fileID: 0}
  m_NavMeshLayer: 0
  m_StaticEditorFlags: 0
  m_IsActive: 1
--- !u!4 &5691317894169181658
Transform:
  m_ObjectHideFlags: 0
  m_CorrespondingSourceObject: {fileID: 0}
  m_PrefabInstance: {fileID: 0}
  m_PrefabAsset: {fileID: 0}
  m_GameObject: {fileID: 5691317894169181668}
  m_LocalRotation: {x: -0, y: -0, z: -0, w: 1}
  m_LocalPosition: {x: -432.21875, y: 219.06589, z: 231.77892}
  m_LocalScale: {x: 1, y: 1, z: 1}
  m_Children: []
  m_Father: {fileID: 5691317895102739258}
  m_RootOrder: 4
  m_LocalEulerAnglesHint: {x: 0, y: 0, z: 0}
--- !u!114 &5691317894169181669
MonoBehaviour:
  m_ObjectHideFlags: 0
  m_CorrespondingSourceObject: {fileID: 0}
  m_PrefabInstance: {fileID: 0}
  m_PrefabAsset: {fileID: 0}
  m_GameObject: {fileID: 5691317894169181668}
  m_Enabled: 1
  m_EditorHideFlags: 0
  m_Script: {fileID: 11500000, guid: 7cff9d5374f89b84fa054a26822534d3, type: 3}
  m_Name: 
  m_EditorClassIdentifier: 
  rangoMatrizX: 500
  rangoMatrizZ: 500
  spawn: {fileID: 11400000, guid: 9f0ac5cd66f682b4d9f89fee2fda2591, type: 2}
  tiposDeSalas:
  - {fileID: 11400000, guid: 06c726cf3c5cc954db378f9f0cf8b3bf, type: 2}
  - {fileID: 11400000, guid: 1f2d6b0af855af84cb5a1beb0462e51d, type: 2}
  - {fileID: 11400000, guid: 54f5d5bcf3afdd648aa5d3d7d0703061, type: 2}
  - {fileID: 11400000, guid: ffbbaa24e1e45314d90ca0e1135cac03, type: 2}
  piezaSpawn: {fileID: 7227858722178648099, guid: 7f7ee77cdcc887d438860d35088fbc8e, type: 3}
  PiezasMapa:
  - {fileID: 6938613583543240794, guid: d75386c2c5197df4ebd5c5b9d4dee252, type: 3}
  - {fileID: 2731099312276308016, guid: ef1e411028b0f0d42be488fa41ce2d13, type: 3}
  - {fileID: 4215419778322496772, guid: 11b02a190ee16cc4997b5aaea4216e09, type: 3}
  - {fileID: 5894667023970471261, guid: 1021e69b0084c2743b4b508d942a5577, type: 3}
  pasillo: {fileID: 2691252207555083442, guid: 5fe11d58ec495e6449b2054cc8cc0106, type: 3}
  TPS:
  - {fileID: 3643110034917246798, guid: 3c507b0da6d25d145bf98c9f5b9ee2be, type: 3}
  - {fileID: 7255231672871183563, guid: 55e8cd6bfdbceb4409387b6638a15f6e, type: 3}
  - {fileID: 8348557346284623343, guid: f7580001aee04bf49b2f17d7a30fb92a, type: 3}
  - {fileID: 7579015060625223913, guid: 5f717d542ebbac9408eafa168311d910, type: 3}
  Puzle: {fileID: 11400000, guid: aea50f40f3048ef4ca43e568226058aa, type: 2}
  piezaPuzle: {fileID: 6938613583543240794, guid: 2540dd3c70b718f4e8790ddb2a3d8a26, type: 3}
  salaElite_p: 10
  salaNormal_p: 40
  salaRectangular_p: 30
  salaEscaleras_p: 20
  RadioSalas: 85
  NumIntentosGenerar: 30
  maxEscalerasPiso: 4
  AlturaPisoArriba: 24
  AlturaPisoAbajo: -24
  AlturaEscalerasArriba: 0
  AlturaEscalerasAbajo: -24
  ElComePuertas: {fileID: 6351990994706970783, guid: 15751abc5037711408ba500476ba4820, type: 3}
  Pilar: {fileID: 7312352434455845934, guid: fe85bb0e6f3a7e94e8bd45c59ffbe05d, type: 3}
--- !u!114 &5691317894169181659
MonoBehaviour:
  m_ObjectHideFlags: 0
  m_CorrespondingSourceObject: {fileID: 0}
  m_PrefabInstance: {fileID: 0}
  m_PrefabAsset: {fileID: 0}
  m_GameObject: {fileID: 5691317894169181668}
  m_Enabled: 1
  m_EditorHideFlags: 0
  m_Script: {fileID: 11500000, guid: 3fb9626f583009d4fb41ba6866ac8d5e, type: 3}
  m_Name: 
  m_EditorClassIdentifier: 
  jugador: {fileID: 0}
  fichaJugador: {fileID: 2522976930023674982, guid: 1f8ef2556fd2f314fb1910bc7d831496, type: 3}
--- !u!65 &5691317894470989028
BoxCollider:
  m_ObjectHideFlags: 0
  m_CorrespondingSourceObject: {fileID: 0}
  m_PrefabInstance: {fileID: 0}
  m_PrefabAsset: {fileID: 0}
  m_GameObject: {fileID: 1968702779811255826}
  m_Material: {fileID: 0}
  m_IsTrigger: 0
  m_Enabled: 1
  serializedVersion: 2
  m_Size: {x: 1, y: 0.5, z: 1}
  m_Center: {x: 0.0000076293945, y: -0.25, z: 0.0000038146973}
--- !u!1 &5691317894675933312
GameObject:
  m_ObjectHideFlags: 0
  m_CorrespondingSourceObject: {fileID: 0}
  m_PrefabInstance: {fileID: 0}
  m_PrefabAsset: {fileID: 0}
  serializedVersion: 6
  m_Component:
  - component: {fileID: 5691317894675933316}
  - component: {fileID: 5691317894675933319}
  - component: {fileID: 5691317894675933318}
  - component: {fileID: 5691317894675933313}
  m_Layer: 0
  m_Name: MapaP1
  m_TagString: Untagged
  m_Icon: {fileID: 0}
  m_NavMeshLayer: 0
  m_StaticEditorFlags: 0
  m_IsActive: 1
--- !u!4 &5691317894675933316
Transform:
  m_ObjectHideFlags: 0
  m_CorrespondingSourceObject: {fileID: 0}
  m_PrefabInstance: {fileID: 0}
  m_PrefabAsset: {fileID: 0}
  m_GameObject: {fileID: 5691317894675933312}
  m_LocalRotation: {x: 0.7071068, y: -0, z: -0, w: 0.7071068}
  m_LocalPosition: {x: 2749.0876, y: 878.6372, z: 260.32935}
  m_LocalScale: {x: 1, y: 1, z: 1}
  m_Children: []
  m_Father: {fileID: 5691317895102739258}
  m_RootOrder: 1
  m_LocalEulerAnglesHint: {x: 90, y: 0, z: 0}
--- !u!20 &5691317894675933319
Camera:
  m_ObjectHideFlags: 0
  m_CorrespondingSourceObject: {fileID: 0}
  m_PrefabInstance: {fileID: 0}
  m_PrefabAsset: {fileID: 0}
  m_GameObject: {fileID: 5691317894675933312}
  m_Enabled: 1
  serializedVersion: 2
  m_ClearFlags: 1
  m_BackGroundColor: {r: 0.19215687, g: 0.3019608, b: 0.4745098, a: 0}
  m_projectionMatrixMode: 1
  m_GateFitMode: 2
  m_FOVAxisMode: 0
  m_SensorSize: {x: 36, y: 24}
  m_LensShift: {x: 0, y: 0}
  m_FocalLength: 50
  m_NormalizedViewPortRect:
    serializedVersion: 2
    x: 0
    y: 0
    width: 1
    height: 1
  near clip plane: 0.3
  far clip plane: 1000
  field of view: 75.1144
  orthographic: 0
  orthographic size: 5
  m_Depth: 0
  m_CullingMask:
    serializedVersion: 2
    m_Bits: 4294967295
  m_RenderingPath: -1
  m_TargetTexture: {fileID: 0}
  m_TargetDisplay: 0
  m_TargetEye: 3
  m_HDR: 1
  m_AllowMSAA: 1
  m_AllowDynamicResolution: 0
  m_ForceIntoRT: 0
  m_OcclusionCulling: 1
  m_StereoConvergence: 10
  m_StereoSeparation: 0.022
--- !u!81 &5691317894675933318
AudioListener:
  m_ObjectHideFlags: 0
  m_CorrespondingSourceObject: {fileID: 0}
  m_PrefabInstance: {fileID: 0}
  m_PrefabAsset: {fileID: 0}
  m_GameObject: {fileID: 5691317894675933312}
  m_Enabled: 1
--- !u!114 &5691317894675933313
MonoBehaviour:
  m_ObjectHideFlags: 0
  m_CorrespondingSourceObject: {fileID: 0}
  m_PrefabInstance: {fileID: 0}
  m_PrefabAsset: {fileID: 0}
  m_GameObject: {fileID: 5691317894675933312}
  m_Enabled: 1
  m_EditorHideFlags: 0
  m_Script: {fileID: 11500000, guid: a79441f348de89743a2939f4d699eac1, type: 3}
  m_Name: 
  m_EditorClassIdentifier: 
  m_RenderShadows: 1
  m_RequiresDepthTextureOption: 2
  m_RequiresOpaqueTextureOption: 2
  m_CameraType: 0
  m_Cameras: []
  m_RendererIndex: -1
  m_VolumeLayerMask:
    serializedVersion: 2
    m_Bits: 1
  m_VolumeTrigger: {fileID: 0}
  m_RenderPostProcessing: 0
  m_Antialiasing: 0
  m_AntialiasingQuality: 2
  m_StopNaN: 0
  m_Dithering: 0
  m_ClearDepth: 1
  m_AllowXRRendering: 1
  m_RequiresDepthTexture: 0
  m_RequiresColorTexture: 0
  m_Version: 2
--- !u!1 &5691317895102739397
GameObject:
  m_ObjectHideFlags: 0
  m_CorrespondingSourceObject: {fileID: 0}
  m_PrefabInstance: {fileID: 0}
  m_PrefabAsset: {fileID: 0}
  serializedVersion: 6
  m_Component:
  - component: {fileID: 5691317895102739258}
  m_Layer: 0
  m_Name: PruebasGen
  m_TagString: Untagged
  m_Icon: {fileID: 0}
  m_NavMeshLayer: 0
  m_StaticEditorFlags: 0
  m_IsActive: 1
--- !u!4 &5691317895102739258
Transform:
  m_ObjectHideFlags: 0
  m_CorrespondingSourceObject: {fileID: 0}
  m_PrefabInstance: {fileID: 0}
  m_PrefabAsset: {fileID: 0}
  m_GameObject: {fileID: 5691317895102739397}
  m_LocalRotation: {x: 0, y: 0, z: 0, w: 1}
  m_LocalPosition: {x: 465.9124, y: -551.6372, z: -60.329346}
  m_LocalScale: {x: 1, y: 1, z: 1}
  m_Children:
  - {fileID: 5691317895512783162}
  - {fileID: 5691317894675933316}
  - {fileID: 5691317895420909634}
  - {fileID: 5691317896125537712}
  - {fileID: 5691317894169181658}
  - {fileID: 5691317895380048510}
  - {fileID: 3374514474094742915}
  - {fileID: 1160217949538684072}
  m_Father: {fileID: 0}
  m_RootOrder: 0
  m_LocalEulerAnglesHint: {x: 0, y: 0, z: 0}
--- !u!1 &5691317895380048505
GameObject:
  m_ObjectHideFlags: 0
  m_CorrespondingSourceObject: {fileID: 0}
  m_PrefabInstance: {fileID: 0}
  m_PrefabAsset: {fileID: 0}
  serializedVersion: 6
  m_Component:
  - component: {fileID: 5691317895380048510}
  - component: {fileID: 5691317895380048511}
  m_Layer: 0
  m_Name: LevelManager
  m_TagString: Untagged
  m_Icon: {fileID: 0}
  m_NavMeshLayer: 0
  m_StaticEditorFlags: 0
  m_IsActive: 1
--- !u!4 &5691317895380048510
Transform:
  m_ObjectHideFlags: 0
  m_CorrespondingSourceObject: {fileID: 0}
  m_PrefabInstance: {fileID: 0}
  m_PrefabAsset: {fileID: 0}
  m_GameObject: {fileID: 5691317895380048505}
  m_LocalRotation: {x: 0, y: 0, z: 0, w: 1}
  m_LocalPosition: {x: 0, y: 0, z: 0}
  m_LocalScale: {x: 1, y: 1, z: 1}
  m_Children: []
  m_Father: {fileID: 5691317895102739258}
  m_RootOrder: 5
  m_LocalEulerAnglesHint: {x: 0, y: 0, z: 0}
--- !u!114 &5691317895380048511
MonoBehaviour:
  m_ObjectHideFlags: 0
  m_CorrespondingSourceObject: {fileID: 0}
  m_PrefabInstance: {fileID: 0}
  m_PrefabAsset: {fileID: 0}
  m_GameObject: {fileID: 5691317895380048505}
  m_Enabled: 1
  m_EditorHideFlags: 0
  m_Script: {fileID: 11500000, guid: c29abc96c4c12ac4c85648622783790d, type: 3}
  m_Name: 
  m_EditorClassIdentifier: 
  enemigos:
  - {fileID: 368587181757269933, guid: 85d00c3212080e047aa340e16a547499, type: 3}
  - {fileID: 3958748872300258291, guid: 7d4c9d6c1f348e141b8567b86f011b11, type: 3}
  - {fileID: 2211282719188039530, guid: 521faacb56950f54290c089c8c86c2e6, type: 3}
  - {fileID: 716590940724826999, guid: cec89d2961dcf8a4e9bc3180e5265ef4, type: 3}
  numEnemigos: 3
  enemigosElite:
  - {fileID: 7740319202592961587, guid: 3f838b973ccfac848b6b37514fc575a7, type: 3}
  numEnemigosElite: 1
  canvas: {fileID: 0}
--- !u!1 &5691317895420909646
GameObject:
  m_ObjectHideFlags: 0
  m_CorrespondingSourceObject: {fileID: 0}
  m_PrefabInstance: {fileID: 0}
  m_PrefabAsset: {fileID: 0}
  serializedVersion: 6
  m_Component:
  - component: {fileID: 5691317895420909634}
  - component: {fileID: 5691317895420909645}
  - component: {fileID: 5691317895420909644}
  - component: {fileID: 5691317895420909647}
  m_Layer: 0
  m_Name: MapaP0
  m_TagString: Untagged
  m_Icon: {fileID: 0}
  m_NavMeshLayer: 0
  m_StaticEditorFlags: 0
  m_IsActive: 1
--- !u!4 &5691317895420909634
Transform:
  m_ObjectHideFlags: 0
  m_CorrespondingSourceObject: {fileID: 0}
  m_PrefabInstance: {fileID: 0}
  m_PrefabAsset: {fileID: 0}
  m_GameObject: {fileID: 5691317895420909646}
  m_LocalRotation: {x: 0.7071068, y: -0, z: -0, w: 0.7071068}
  m_LocalPosition: {x: 1731.0876, y: 938.6372, z: 264.32935}
  m_LocalScale: {x: 1, y: 1, z: 1}
  m_Children: []
  m_Father: {fileID: 5691317895102739258}
  m_RootOrder: 2
  m_LocalEulerAnglesHint: {x: 90, y: 0, z: 0}
--- !u!20 &5691317895420909645
Camera:
  m_ObjectHideFlags: 0
  m_CorrespondingSourceObject: {fileID: 0}
  m_PrefabInstance: {fileID: 0}
  m_PrefabAsset: {fileID: 0}
  m_GameObject: {fileID: 5691317895420909646}
  m_Enabled: 1
  serializedVersion: 2
  m_ClearFlags: 1
  m_BackGroundColor: {r: 0.19215687, g: 0.3019608, b: 0.4745098, a: 0}
  m_projectionMatrixMode: 1
  m_GateFitMode: 2
  m_FOVAxisMode: 0
  m_SensorSize: {x: 36, y: 24}
  m_LensShift: {x: 0, y: 0}
  m_FocalLength: 50
  m_NormalizedViewPortRect:
    serializedVersion: 2
    x: 0
    y: 0
    width: 1
    height: 1
  near clip plane: 0.3
  far clip plane: 1000
  field of view: 74.6637
  orthographic: 0
  orthographic size: 5
  m_Depth: 0
  m_CullingMask:
    serializedVersion: 2
    m_Bits: 4294967295
  m_RenderingPath: -1
  m_TargetTexture: {fileID: 0}
  m_TargetDisplay: 0
  m_TargetEye: 3
  m_HDR: 1
  m_AllowMSAA: 1
  m_AllowDynamicResolution: 0
  m_ForceIntoRT: 0
  m_OcclusionCulling: 1
  m_StereoConvergence: 10
  m_StereoSeparation: 0.022
--- !u!81 &5691317895420909644
AudioListener:
  m_ObjectHideFlags: 0
  m_CorrespondingSourceObject: {fileID: 0}
  m_PrefabInstance: {fileID: 0}
  m_PrefabAsset: {fileID: 0}
  m_GameObject: {fileID: 5691317895420909646}
  m_Enabled: 1
--- !u!114 &5691317895420909647
MonoBehaviour:
  m_ObjectHideFlags: 0
  m_CorrespondingSourceObject: {fileID: 0}
  m_PrefabInstance: {fileID: 0}
  m_PrefabAsset: {fileID: 0}
  m_GameObject: {fileID: 5691317895420909646}
  m_Enabled: 1
  m_EditorHideFlags: 0
  m_Script: {fileID: 11500000, guid: a79441f348de89743a2939f4d699eac1, type: 3}
  m_Name: 
  m_EditorClassIdentifier: 
  m_RenderShadows: 1
  m_RequiresDepthTextureOption: 2
  m_RequiresOpaqueTextureOption: 2
  m_CameraType: 0
  m_Cameras: []
  m_RendererIndex: -1
  m_VolumeLayerMask:
    serializedVersion: 2
    m_Bits: 1
  m_VolumeTrigger: {fileID: 0}
  m_RenderPostProcessing: 0
  m_Antialiasing: 0
  m_AntialiasingQuality: 2
  m_StopNaN: 0
  m_Dithering: 0
  m_ClearDepth: 1
  m_AllowXRRendering: 1
  m_RequiresDepthTexture: 0
  m_RequiresColorTexture: 0
  m_Version: 2
--- !u!1 &5691317895512783302
GameObject:
  m_ObjectHideFlags: 0
  m_CorrespondingSourceObject: {fileID: 0}
  m_PrefabInstance: {fileID: 0}
  m_PrefabAsset: {fileID: 0}
  serializedVersion: 6
  m_Component:
  - component: {fileID: 5691317895512783162}
  - component: {fileID: 5691317895512783301}
  - component: {fileID: 5691317895512783300}
  - component: {fileID: 5691317895512783303}
  m_Layer: 0
  m_Name: Cube
  m_TagString: Untagged
  m_Icon: {fileID: 0}
  m_NavMeshLayer: 0
  m_StaticEditorFlags: 4294967295
  m_IsActive: 1
--- !u!4 &5691317895512783162
Transform:
  m_ObjectHideFlags: 0
  m_CorrespondingSourceObject: {fileID: 0}
  m_PrefabInstance: {fileID: 0}
  m_PrefabAsset: {fileID: 0}
  m_GameObject: {fileID: 5691317895512783302}
  m_LocalRotation: {x: -0, y: -0, z: -0, w: 1}
  m_LocalPosition: {x: 2734.0876, y: 549.6372, z: 260.32935}
  m_LocalScale: {x: 5000, y: 1, z: 2000}
  m_Children: []
  m_Father: {fileID: 5691317895102739258}
  m_RootOrder: 0
  m_LocalEulerAnglesHint: {x: 0, y: 0, z: 0}
--- !u!33 &5691317895512783301
MeshFilter:
  m_ObjectHideFlags: 0
  m_CorrespondingSourceObject: {fileID: 0}
  m_PrefabInstance: {fileID: 0}
  m_PrefabAsset: {fileID: 0}
  m_GameObject: {fileID: 5691317895512783302}
  m_Mesh: {fileID: 10202, guid: 0000000000000000e000000000000000, type: 0}
--- !u!23 &5691317895512783300
MeshRenderer:
  m_ObjectHideFlags: 0
  m_CorrespondingSourceObject: {fileID: 0}
  m_PrefabInstance: {fileID: 0}
  m_PrefabAsset: {fileID: 0}
  m_GameObject: {fileID: 5691317895512783302}
  m_Enabled: 1
  m_CastShadows: 1
  m_ReceiveShadows: 1
  m_DynamicOccludee: 1
  m_MotionVectors: 1
  m_LightProbeUsage: 1
  m_ReflectionProbeUsage: 1
  m_RayTracingMode: 2
  m_RayTraceProcedural: 0
  m_RenderingLayerMask: 1
  m_RendererPriority: 0
  m_Materials:
  - {fileID: 2100000, guid: 414b30ff4cdff9f459e6a7672324a239, type: 2}
  m_StaticBatchInfo:
    firstSubMesh: 0
    subMeshCount: 0
  m_StaticBatchRoot: {fileID: 0}
  m_ProbeAnchor: {fileID: 0}
  m_LightProbeVolumeOverride: {fileID: 0}
  m_ScaleInLightmap: 1
  m_ReceiveGI: 1
  m_PreserveUVs: 0
  m_IgnoreNormalsForChartDetection: 0
  m_ImportantGI: 0
  m_StitchLightmapSeams: 1
  m_SelectedEditorRenderState: 3
  m_MinimumChartSize: 4
  m_AutoUVMaxDistance: 0.5
  m_AutoUVMaxAngle: 89
  m_LightmapParameters: {fileID: 0}
  m_SortingLayerID: 0
  m_SortingLayer: 0
  m_SortingOrder: 0
  m_AdditionalVertexStreams: {fileID: 0}
--- !u!65 &5691317895512783303
BoxCollider:
  m_ObjectHideFlags: 0
  m_CorrespondingSourceObject: {fileID: 0}
  m_PrefabInstance: {fileID: 0}
  m_PrefabAsset: {fileID: 0}
  m_GameObject: {fileID: 5691317895512783302}
  m_Material: {fileID: 0}
  m_IsTrigger: 0
  m_Enabled: 1
  serializedVersion: 2
  m_Size: {x: 1, y: 1, z: 1}
  m_Center: {x: 0, y: 0, z: 0}
--- !u!1 &5691317896125537724
GameObject:
  m_ObjectHideFlags: 0
  m_CorrespondingSourceObject: {fileID: 0}
  m_PrefabInstance: {fileID: 0}
  m_PrefabAsset: {fileID: 0}
  serializedVersion: 6
  m_Component:
  - component: {fileID: 5691317896125537712}
  - component: {fileID: 5691317896125537715}
  - component: {fileID: 5691317896125537714}
  - component: {fileID: 5691317896125537725}
  m_Layer: 0
  m_Name: MapaP2
  m_TagString: Untagged
  m_Icon: {fileID: 0}
  m_NavMeshLayer: 0
  m_StaticEditorFlags: 0
  m_IsActive: 1
--- !u!4 &5691317896125537712
Transform:
  m_ObjectHideFlags: 0
  m_CorrespondingSourceObject: {fileID: 0}
  m_PrefabInstance: {fileID: 0}
  m_PrefabAsset: {fileID: 0}
  m_GameObject: {fileID: 5691317896125537724}
  m_LocalRotation: {x: 0.7071068, y: -0, z: -0, w: 0.7071068}
  m_LocalPosition: {x: 3769.0876, y: 916.6372, z: 260.32935}
  m_LocalScale: {x: 1, y: 1, z: 1}
  m_Children: []
  m_Father: {fileID: 5691317895102739258}
  m_RootOrder: 3
  m_LocalEulerAnglesHint: {x: 90, y: 0, z: 0}
--- !u!20 &5691317896125537715
Camera:
  m_ObjectHideFlags: 0
  m_CorrespondingSourceObject: {fileID: 0}
  m_PrefabInstance: {fileID: 0}
  m_PrefabAsset: {fileID: 0}
  m_GameObject: {fileID: 5691317896125537724}
  m_Enabled: 1
  serializedVersion: 2
  m_ClearFlags: 1
  m_BackGroundColor: {r: 0.19215687, g: 0.3019608, b: 0.4745098, a: 0}
  m_projectionMatrixMode: 1
  m_GateFitMode: 2
  m_FOVAxisMode: 0
  m_SensorSize: {x: 36, y: 24}
  m_LensShift: {x: 0, y: 0}
  m_FocalLength: 50
  m_NormalizedViewPortRect:
    serializedVersion: 2
    x: 0
    y: 0
    width: 1
    height: 1
  near clip plane: 0.3
  far clip plane: 1000
  field of view: 76.88067
  orthographic: 0
  orthographic size: 5
  m_Depth: 0
  m_CullingMask:
    serializedVersion: 2
    m_Bits: 4294967295
  m_RenderingPath: -1
  m_TargetTexture: {fileID: 0}
  m_TargetDisplay: 0
  m_TargetEye: 3
  m_HDR: 1
  m_AllowMSAA: 1
  m_AllowDynamicResolution: 0
  m_ForceIntoRT: 0
  m_OcclusionCulling: 1
  m_StereoConvergence: 10
  m_StereoSeparation: 0.022
--- !u!81 &5691317896125537714
AudioListener:
  m_ObjectHideFlags: 0
  m_CorrespondingSourceObject: {fileID: 0}
  m_PrefabInstance: {fileID: 0}
  m_PrefabAsset: {fileID: 0}
  m_GameObject: {fileID: 5691317896125537724}
  m_Enabled: 1
--- !u!114 &5691317896125537725
MonoBehaviour:
  m_ObjectHideFlags: 0
  m_CorrespondingSourceObject: {fileID: 0}
  m_PrefabInstance: {fileID: 0}
  m_PrefabAsset: {fileID: 0}
  m_GameObject: {fileID: 5691317896125537724}
  m_Enabled: 1
  m_EditorHideFlags: 0
  m_Script: {fileID: 11500000, guid: a79441f348de89743a2939f4d699eac1, type: 3}
  m_Name: 
  m_EditorClassIdentifier: 
  m_RenderShadows: 1
  m_RequiresDepthTextureOption: 2
  m_RequiresOpaqueTextureOption: 2
  m_CameraType: 0
  m_Cameras: []
  m_RendererIndex: -1
  m_VolumeLayerMask:
    serializedVersion: 2
    m_Bits: 1
  m_VolumeTrigger: {fileID: 0}
  m_RenderPostProcessing: 0
  m_Antialiasing: 0
  m_AntialiasingQuality: 2
  m_StopNaN: 0
  m_Dithering: 0
  m_ClearDepth: 1
  m_AllowXRRendering: 1
  m_RequiresDepthTexture: 0
  m_RequiresColorTexture: 0
  m_Version: 2
--- !u!1001 &5691317895603954299
PrefabInstance:
  m_ObjectHideFlags: 0
  serializedVersion: 2
  m_Modification:
    m_TransformParent: {fileID: 5691317895102739258}
    m_Modifications:
    - target: {fileID: 2197160559495290159, guid: 2941d00c9b2b5de428fdf044589a36e0, type: 3}
      propertyPath: m_Layer
      value: 8
      objectReference: {fileID: 0}
    - target: {fileID: 6930811616435923435, guid: 2941d00c9b2b5de428fdf044589a36e0, type: 3}
      propertyPath: m_LocalPosition.x
      value: 0
      objectReference: {fileID: 0}
    - target: {fileID: 6930811616435923435, guid: 2941d00c9b2b5de428fdf044589a36e0, type: 3}
      propertyPath: m_LocalPosition.y
      value: 1
      objectReference: {fileID: 0}
    - target: {fileID: 6930811616435923435, guid: 2941d00c9b2b5de428fdf044589a36e0, type: 3}
      propertyPath: m_LocalPosition.z
      value: -10
      objectReference: {fileID: 0}
    - target: {fileID: 6930811616435923435, guid: 2941d00c9b2b5de428fdf044589a36e0, type: 3}
      propertyPath: m_LocalRotation.w
      value: 1
      objectReference: {fileID: 0}
    - target: {fileID: 6930811616435923435, guid: 2941d00c9b2b5de428fdf044589a36e0, type: 3}
      propertyPath: m_LocalRotation.y
      value: -0
      objectReference: {fileID: 0}
    - target: {fileID: 6930811617103376376, guid: 2941d00c9b2b5de428fdf044589a36e0, type: 3}
      propertyPath: m_RootOrder
      value: 6
      objectReference: {fileID: 0}
    - target: {fileID: 6930811617103376376, guid: 2941d00c9b2b5de428fdf044589a36e0, type: 3}
      propertyPath: m_LocalPosition.x
      value: -215.99
      objectReference: {fileID: 0}
    - target: {fileID: 6930811617103376376, guid: 2941d00c9b2b5de428fdf044589a36e0, type: 3}
      propertyPath: m_LocalPosition.y
      value: 552.23
      objectReference: {fileID: 0}
    - target: {fileID: 6930811617103376376, guid: 2941d00c9b2b5de428fdf044589a36e0, type: 3}
      propertyPath: m_LocalPosition.z
      value: 310.21
      objectReference: {fileID: 0}
    - target: {fileID: 6930811617103376376, guid: 2941d00c9b2b5de428fdf044589a36e0, type: 3}
      propertyPath: m_LocalRotation.w
      value: 0
      objectReference: {fileID: 0}
    - target: {fileID: 6930811617103376376, guid: 2941d00c9b2b5de428fdf044589a36e0, type: 3}
      propertyPath: m_LocalRotation.x
      value: -0
      objectReference: {fileID: 0}
    - target: {fileID: 6930811617103376376, guid: 2941d00c9b2b5de428fdf044589a36e0, type: 3}
      propertyPath: m_LocalRotation.y
      value: 1
      objectReference: {fileID: 0}
    - target: {fileID: 6930811617103376376, guid: 2941d00c9b2b5de428fdf044589a36e0, type: 3}
      propertyPath: m_LocalRotation.z
      value: -0
      objectReference: {fileID: 0}
    - target: {fileID: 6930811617103376376, guid: 2941d00c9b2b5de428fdf044589a36e0, type: 3}
      propertyPath: m_LocalEulerAnglesHint.x
      value: 0
      objectReference: {fileID: 0}
    - target: {fileID: 6930811617103376376, guid: 2941d00c9b2b5de428fdf044589a36e0, type: 3}
      propertyPath: m_LocalEulerAnglesHint.y
      value: 180
      objectReference: {fileID: 0}
    - target: {fileID: 6930811617103376376, guid: 2941d00c9b2b5de428fdf044589a36e0, type: 3}
      propertyPath: m_LocalEulerAnglesHint.z
      value: 0
      objectReference: {fileID: 0}
    - target: {fileID: 6930811617103376377, guid: 2941d00c9b2b5de428fdf044589a36e0, type: 3}
      propertyPath: m_Name
      value: Player
      objectReference: {fileID: 0}
    - target: {fileID: 6930811617563206103, guid: 2941d00c9b2b5de428fdf044589a36e0, type: 3}
      propertyPath: m_LocalPosition.x
      value: 0
      objectReference: {fileID: 0}
    - target: {fileID: 6930811617563206103, guid: 2941d00c9b2b5de428fdf044589a36e0, type: 3}
      propertyPath: m_LocalPosition.y
      value: 1
      objectReference: {fileID: 0}
    - target: {fileID: 6930811617563206103, guid: 2941d00c9b2b5de428fdf044589a36e0, type: 3}
      propertyPath: m_LocalPosition.z
      value: -10
      objectReference: {fileID: 0}
    - target: {fileID: 9072785519932600676, guid: 2941d00c9b2b5de428fdf044589a36e0, type: 3}
      propertyPath: AuraSuper
      value: 
      objectReference: {fileID: 6275012959065387096}
    m_RemovedComponents: []
  m_SourcePrefab: {fileID: 100100000, guid: 2941d00c9b2b5de428fdf044589a36e0, type: 3}
--- !u!4 &3374514474094742915 stripped
Transform:
  m_CorrespondingSourceObject: {fileID: 6930811617103376376, guid: 2941d00c9b2b5de428fdf044589a36e0, type: 3}
  m_PrefabInstance: {fileID: 5691317895603954299}
  m_PrefabAsset: {fileID: 0}
--- !u!1 &6275012959065387096 stripped
GameObject:
  m_CorrespondingSourceObject: {fileID: 1868655689385939491, guid: 2941d00c9b2b5de428fdf044589a36e0, type: 3}
  m_PrefabInstance: {fileID: 5691317895603954299}
  m_PrefabAsset: {fileID: 0}
--- !u!1001 &5691317895655069494
PrefabInstance:
  m_ObjectHideFlags: 0
  serializedVersion: 2
  m_Modification:
    m_TransformParent: {fileID: 5691317895102739258}
    m_Modifications:
    - target: {fileID: 6172644841539846436, guid: 5b07ad82ed27103478611776f4689730, type: 3}
      propertyPath: m_Name
      value: Suelo
      objectReference: {fileID: 0}
    - target: {fileID: 6172644841539846436, guid: 5b07ad82ed27103478611776f4689730, type: 3}
      propertyPath: m_Layer
      value: 3
      objectReference: {fileID: 0}
    - target: {fileID: 6837154088137857950, guid: 5b07ad82ed27103478611776f4689730, type: 3}
      propertyPath: m_RootOrder
      value: 7
      objectReference: {fileID: 0}
    - target: {fileID: 6837154088137857950, guid: 5b07ad82ed27103478611776f4689730, type: 3}
      propertyPath: m_LocalScale.x
      value: 3
      objectReference: {fileID: 0}
    - target: {fileID: 6837154088137857950, guid: 5b07ad82ed27103478611776f4689730, type: 3}
      propertyPath: m_LocalScale.y
      value: 0.5
      objectReference: {fileID: 0}
    - target: {fileID: 6837154088137857950, guid: 5b07ad82ed27103478611776f4689730, type: 3}
      propertyPath: m_LocalScale.z
      value: 3
      objectReference: {fileID: 0}
    - target: {fileID: 6837154088137857950, guid: 5b07ad82ed27103478611776f4689730, type: 3}
      propertyPath: m_LocalPosition.x
      value: -100
      objectReference: {fileID: 0}
    - target: {fileID: 6837154088137857950, guid: 5b07ad82ed27103478611776f4689730, type: 3}
      propertyPath: m_LocalPosition.y
      value: 99
      objectReference: {fileID: 0}
    - target: {fileID: 6837154088137857950, guid: 5b07ad82ed27103478611776f4689730, type: 3}
      propertyPath: m_LocalPosition.z
      value: -100
      objectReference: {fileID: 0}
    - target: {fileID: 6837154088137857950, guid: 5b07ad82ed27103478611776f4689730, type: 3}
      propertyPath: m_LocalRotation.w
      value: 1
      objectReference: {fileID: 0}
    - target: {fileID: 6837154088137857950, guid: 5b07ad82ed27103478611776f4689730, type: 3}
      propertyPath: m_LocalRotation.x
      value: -0
      objectReference: {fileID: 0}
    - target: {fileID: 6837154088137857950, guid: 5b07ad82ed27103478611776f4689730, type: 3}
      propertyPath: m_LocalRotation.y
      value: -0
      objectReference: {fileID: 0}
    - target: {fileID: 6837154088137857950, guid: 5b07ad82ed27103478611776f4689730, type: 3}
      propertyPath: m_LocalRotation.z
      value: -0
      objectReference: {fileID: 0}
    - target: {fileID: 6837154088137857950, guid: 5b07ad82ed27103478611776f4689730, type: 3}
      propertyPath: m_LocalEulerAnglesHint.x
      value: 0
      objectReference: {fileID: 0}
    - target: {fileID: 6837154088137857950, guid: 5b07ad82ed27103478611776f4689730, type: 3}
      propertyPath: m_LocalEulerAnglesHint.y
      value: 0
      objectReference: {fileID: 0}
    - target: {fileID: 6837154088137857950, guid: 5b07ad82ed27103478611776f4689730, type: 3}
      propertyPath: m_LocalEulerAnglesHint.z
      value: 0
      objectReference: {fileID: 0}
    m_RemovedComponents: []
  m_SourcePrefab: {fileID: 100100000, guid: 5b07ad82ed27103478611776f4689730, type: 3}
--- !u!1 &1968702779811255826 stripped
GameObject:
  m_CorrespondingSourceObject: {fileID: 6172644841539846436, guid: 5b07ad82ed27103478611776f4689730, type: 3}
  m_PrefabInstance: {fileID: 5691317895655069494}
  m_PrefabAsset: {fileID: 0}
--- !u!4 &1160217949538684072 stripped
Transform:
  m_CorrespondingSourceObject: {fileID: 6837154088137857950, guid: 5b07ad82ed27103478611776f4689730, type: 3}
  m_PrefabInstance: {fileID: 5691317895655069494}
  m_PrefabAsset: {fileID: 0}
